@Article{ALSINO2012,
  Title                    = {Evolución y apoyo mutuo},
  Author                   = {Alsino, Rodolfo},
  Journal                  = {Erosión: revista de pensamiento anarquista},
  Year                     = {2012},

  Month                    = {jul.-dez.},
  Number                   = {1},
  Pages                    = {29-41},
  Volume                   = {1},

  Subtitle                 = {{K}ropotkin em el contexto de las teorías evolutivas}
}
@Article{BARROSPUGLIESE2005,
  Title                    = {Desapropriação das memórias indesejáveis},
  Author                   = {Barros, Juliana Neves and Pugliese, Vanessa Souza},
  Journal                  = {Revista da Faculdade de Direito da UFPR},
  Year                     = {2005},

  Month                    = {sep},
  Number                   = {0},
  Pages                    = {1-17},
  Volume                   = {43},

  Address                  = {Curitiba},
  Doi                      = {http://dx.doi.org/10.5380/rfdufpr.v43i0.7022},
  Subtitle                 = {opressão e resistência no {C}entro {H}istórico de {S}alvador}
}
@Article{BOINO1999,
  Title                    = {Plaidoyer por une géographie reclusienne},
  Author                   = {Boino, Paul},
  Journal                  = {Réfractions},
  Year                     = {1999},

  Month                    = {mar},
  Number                   = {4},

  Url                      = {http://refractions.plusloin.org/spip.php?article349}
}
@Article{BONDUKI2008,
  Title                    = {Política habitacional e inclusão social no Brasil},
  Author                   = {Bonduki, Nabil},
  Journal                  = {Arq.Urb -- Revista Eletrônica de Arquitetura e Urbanismo},
  Year                     = {2008},

  Month                    = {set.},
  Number                   = {1},
  Pages                    = {70-104},
  Volume                   = {1},

  Address                  = {São Paulo},
  Institution              = {Universidade São Judas Tadeu},
  Subtitle                 = {revisão histórica e novas perspectivas no governo Lula},
  Url                      = {http://www.usjt.br/arq.urb/numero_01/artigo_05_180908.pdf}
}
@Article{BRAGA2009,
  Title                    = {Programa de recuperação do {C}entro {H}istórico de {S}alvador},
  Author                   = {Braga, Paula Marques and {SANTOS JÚNIOR}, Wilson Ribeiro dos},
  Journal                  = {Revista de Pesquisa em Arquitetura e Urbanismo},
  Year                     = {2009},
  Number                   = {2},
  Pages                    = {23-34},
  Volume                   = {10},

  Abstract                 = {As iniciativas de revalorização dos Centros Históricos tem se traduzido, nas últimas décadas, em projetos de intervenção subsidiados e direcionados por investimentos públicos com inserções dos agentes privados. As políticas públicas que deram suporte a essas intervenções, embora anunciassem o objetivo de preservá-los e inseri-los nos contextos urbanos, privilegiaram a atividade turística e à indústria cultural levando à “gentrification” e efeitos sobre a população e cultura locais e o patrimônio imaterial. A análise dos momentos da implantação do Programa de Recuperação do Centro Histórico de Salvador (Bahia), iniciado em 1991 permite questionar a atuação do Estado e os resultados alcançados.},
  Subtitle                 = {políticas públicas e participação social}
}
@Article{BUNTING2000,
  Title                    = {Fine words, flawed ideas},
  Author                   = {Bunting, Madeleine},
  Journal                  = {The Guardian},
  Year                     = {2000},

  Month                    = {11 set},

  Url                      = {http://www.theguardian.com/business/2000/sep/11/imf.comment}
}
@Article{CARDOSO2006,
  Title                    = {A visita de {É}lisée {R}eclus à {S}ociedade de {G}eografia do {R}io de {J}aneiro},
  Author                   = {Cardoso, Luciene P. Carris},
  Journal                  = {Revista da Sociedade Brasileira de Geografia},
  Year                     = {2006},
  Volume                   = {1},

  Url                      = {http://www.socbrasileiradegeografia.com.br/revista_sbg/luciene%20p%20c%20cardoso.html}
}
@Article{CORAGGIO2013,
  Title                    = {Las tres corrientes de pensamiento y acción dentro del campo de la economía social y solidaria},
  Author                   = {Coraggio, José Luiz},
  Journal                  = {Estudos Urbanos e Regionais},
  Year                     = {2013},

  Month                    = {nov.},
  Number                   = {2},
  Pages                    = {11-24},
  Volume                   = {15}
}
@Article{COSTA1997,
  Title                    = {Movimentos sociais, democratização e a constituição de espaços públicos locais},
  Author                   = {Costa, Sérgio},
  Journal                  = {Revista Brasileira de Ciências Sociais},
  Year                     = {1997},

  Month                    = {out.},
  Number                   = {35},
  Pages                    = {123-134},
  Volume                   = {12},

  Address                  = {São Paulo}
}
@Article{DOMINGUEZ2009,
  Title                    = {Los aportes a la {G}eografía de {É}lisée {R}eclus y {P}iotr {K}ropotkin},
  Author                   = {Dominguez, Ana and Noble, Andrea},
  Journal                  = {Anales del Instituto de Profesores “Artigas”},
  Year                     = {2009},
  Number                   = {3},
  Pages                    = {185-201},
  Volume                   = {2}
}
@Article{FERRETTI2013,
  Title                    = {O fundo {R}eclus-{P}erron e a controvérsia franco-brasileira de 1900},
  Author                   = {Ferretti, Federico},
  Journal                  = {Terra Brasilis (nova série)},
  Year                     = {2013},
  Number                   = {2},

  Subtitle                 = {um mapa inédito que decidiu as fronteiras do {B}rasil},
  Url                      = {http://terrabrasilis.revues.org/744}
}
@Article{GRAVOIS2005,
  Title                    = {The {D}e {S}oto delusion},
  Author                   = {Gravois, John},
  Journal                  = {Slate},
  Year                     = {2005},

  Month                    = {29 jan},

  Url                      = {http://www.slate.com/articles/news_and_politics/hey_wait_a_minute/2005/01/the_de_soto_delusion.html}
}
@Article{MAHON2014,
  Title                    = {Interview with {D}avid {H}arvey},
  Author                   = {Mahon, Matt},
  Journal                  = {The White Review.},
  Year                     = {2014},

  Url                      = {http://www.thewhitereview.org/interviews/interview-with-david-harvey}
}
@Article{MANOLO2012,
  Title                    = {"Há muito espaço para crescer" (3ª parte)},
  Author                   = {Manolo},
  Year                     = {2012},

  Month                    = {01 abr},

  Url                      = {http://passapalavra.info/2012/04/54173}
}
@Article{MONTOYAURIARTE2003,
  Title                    = {Intervenções recentes em centros históricos},
  Author                   = {Montoya{ }Uriarte, Urpi},
  Journal                  = {Cadernos do CEAS},
  Year                     = {2003},

  Month                    = {nov/dez},
  Number                   = {208},
  Pages                    = {73-92},

  Address                  = {Salvador},
  ISSN                     = {0102-9711},
  Subtitle                 = {as políticas de recuperação dos centros históricos de {S}alvador, {L}ima e {Q}uito}
}
@Article{PAPIN2005,
  Title                    = {Londres à la lumière d'un géographe libertaire},
  Author                   = {Papin, Delphine},
  Journal                  = {Hérodote},
  Year                     = {2005},

  Month                    = {abr.-jun.},
  Number                   = {117}
}
@Article{PASSA_PALAVRA2010,
  Title                    = {Entre o fogo e a panela},
  Author                   = {{Passa Palavra}},
  Year                     = {2010},

  Month                    = {22 ago},

  Url                      = {http://passapalavra.info/2010/08/27717}
}
@Article{PASSA_PALAVRA2012,
  Title                    = {Estado e movimentos sociais},
  Author                   = {{Passa Palavra}},
  Year                     = {2012},

  Month                    = {05 fev},

  Url                      = {http://passapalavra.info/2012/02/52448}
}
@Article{PASSA_PALAVRA2014a,
  Title                    = {Dilemas da luta por moradia ({P}arte {I})},
  Author                   = {{Passa Palavra}},
  Journal                  = {Passa Palavra},
  Year                     = {2014},

  Month                    = {01 jun},

  Url                      = {http://passapalavra.info/2014/06/96027}
}
@Article{PASSA_PALAVRA2014b,
  Title                    = {Dilemas da luta por moradia ({P}arte {II})},
  Author                   = {{Passa Palavra}},
  Journal                  = {Passa Palavra},
  Year                     = {2014},

  Month                    = {08 jun},

  Url                      = {http://passapalavra.info/2014/06/96027}
}
@Article{PASSA_PALAVRA2014c,
  Title                    = {Dilemas da luta por moradia ({P}arte {III})},
  Author                   = {{Passa Palavra}},
  Journal                  = {Passa Palavra},
  Year                     = {2014},

  Month                    = {15 jun},

  Url                      = {http://passapalavra.info/2014/06/96027}
}
@Article{PELLETIER1999,
  Title                    = {La ville et la géographie urbaine chez {E}lisée {R}eclus et à travers son époque},
  Author                   = {Pelletier, Phillipe},
  Journal                  = {Réfractions},
  Year                     = {1999},

  Month                    = {mar},
  Number                   = {4},

  Url                      = {http://refractions.plusloin.org/spip.php?article349}
}
@Article{PRESTESMOTA1988,
  Title                    = {As formas organizacionais do Estado},
  Author                   = {Prestes{ }Mota, Fernando C.},
  Journal                  = {Revista de Administração de Empresas},
  Year                     = {1988},

  Month                    = {out./dez.},
  Number                   = {4},
  Pages                    = {15-31},
  Volume                   = {28},

  Address                  = {São Paulo},
  Institution              = {Fundação Getúlio Vargas},
  Url                      = {http://dx.doi.org/10.1590/S0034-75901988000400003}
}
@Article{ROSSINI1990,
  Title                    = {The size of the informal sector in {P}eru},
  Author                   = {Rossini, R G and Thomas, J J},
  Journal                  = {World Development},
  Year                     = {1990},

  Month                    = {jan},
  Number                   = {1},
  Pages                    = {125-135},
  Volume                   = {18},

  Subtitle                 = {a critical comment on {H}ernando de {S}oto's {E}l {O}tro {S}endero}
}
@Article{Souza,
  Title                    = {Uma geografia marginal e sua atualidade},
  Author                   = {Souza, Marcelo Lopes de},
  Year                     = {2014},

  Subtitle                 = {a linhagem libertária},
  Url                      = {http://territorioautonomo.files.wordpress.com/2010/10/uma-geografia-marginal-e-sua-atualidade2.pdf }
}
@Article{AMACHA2009,
  Title                    = {{C}hácara {S}anto {A}ntônio em alerta com as chuvas},
  Year                     = {2009},

  Month                    = {maio},

  Address                  = {Salvador},
  Day                      = {07},
  Org-short                = {AMACHA},
  Organization             = {Associação de Moradores e Amigos da Chácara Santo Antônio},
  Url                      = {http://chacarasantoantonio.blogspot.com.br/2009/05/chacara-santo-antonio-em-alerta-com-as.html},
  Urlaccessdate            = {28 nov. 2011}
}
@Article{FOLHA2012,
  Title                    = {Um portão e um mistério},
  Journal                  = {Folha da Chácara},
  Year                     = {2012},

  Month                    = {out},
  Number                   = {1}
}
@Article{RAMON1993,
  Title                    = {Urbanismos 1947-1967},
  Author                   = {Ramón, Fernando},
  Journal                  = {Ciudades},
  Year                     = {1993},
  Number                   = {1},
  Pages                    = {13-17},
  Volume                   = {1},

  Address                  = {Valladolid}
}
@Article{BERNARDO2014,
  Title                    = {João Bernardo},
  Journal                  = {Wikipedia},
  Year                     = {2014},

  Url                      = {https://pt.wikipedia.org/wiki/Jo%C3%A3o_Bernardo},
  Urlaccessdate            = {30 dez. 2014}
}
@Article{MANOLOBERNARDO2012,
  Title                    = {Intelectuais orgânicos?},
  Author                   = {Manolo and Bernardo, João},
  Journal                  = {Passa Palavra},
  Year                     = {2012},

  Month                    = {fev.},

  Url                      = {http://passapalavra.info/2012/02/53056},
  Urlaccessdate            = {03 mar. 2015}
}
@Article{SIMOES1985,
  Title                    = {Invasões},
  Author                   = {Simões, Maria Lúcia},
  Journal                  = {Cadernos do CEAS},
  Year                     = {1985},

  Month                    = {set.-out.},
  Number                   = {99},
  Pages                    = {36-43},

  Address                  = {Salvador},
  Subtitle                 = {agentes de produção da cidade do {S}alvador}
}
@Article{MATTEDI1981,
  Title                    = {As invasões na cidade de {S}alvador},
  Author                   = {Mattedi, Raquel Mattoso},
  Journal                  = {Cadernos do CEAS},
  Year                     = {1981},

  Month                    = {mar.-abr.},
  Number                   = {72},
  Pages                    = {38-50},

  Address                  = {Salvador}
}
@Article{RAMOS1987,
  Title                    = {O {S}istema {F}inanceiro de {H}abitação},
  Author                   = {Ramos, José Alberto Bandeira},
  Journal                  = {Cadernos do CEAS},
  Year                     = {1987},

  Month                    = {set.-out.},
  Number                   = {111},
  Pages                    = {26-37},

  Address                  = {Salvador},
  Subtitle                 = {crítica a uma política anti-social}
}
@Article{SOUZA1988,
  Title                    = {União {P}araíso},
  Author                   = {Souza, Clêyde},
  Journal                  = {Cadernos do CEAS},
  Year                     = {1988},

  Month                    = {nov.-dez.},
  Number                   = {118},
  Pages                    = {11-20},

  Address                  = {Salvador},
  Subtitle                 = {a luta pelo direito de morar}
}
@Article{MOURA1990,
  Title                    = {Notas sobre o vermo invadir no contexto social de {S}alvador},
  Author                   = {Moura, Milton},
  Journal                  = {Cadernos do CEAS},
  Year                     = {1990},

  Month                    = {jan.-fev.},
  Number                   = {125},
  Pages                    = {25-41},

  Address                  = {Salvador}
}
@Article{SIMOESMOURA1985,
  Title                    = {De quem é o {C}entro {H}istórico de {S}alvador?},
  Author                   = {Simões, Maria Lúcia and Moura, Milton},
  Journal                  = {Cadernos do CEAS},
  Year                     = {1985},

  Month                    = {mar.-abr.},
  Number                   = {96},
  Pages                    = {40-50},

  Address                  = {Salvador}
}
@Article{MORAES1997,
  Title                    = {A política de saneamento ambiental em {S}alvador e o programa {B}ahia {A}zul},
  Author                   = {Moraes, Luiz Roberto Santos},
  Journal                  = {Cadernos do CEAS},
  Year                     = {1997},

  Month                    = {set.-out.},
  Number                   = {168},
  Pages                    = {36-43},

  Address                  = {Salvador},
  Subtitle                 = {agentes de produção da cidade do Salvador}
}
@Article{VALENCA1989,
  Title                    = {Brasil},
  Author                   = {Valença, Márcio Moraes},
  Journal                  = {Cadernos do CEAS},
  Year                     = {1989},

  Month                    = {set.-out.},
  Number                   = {123},
  Pages                    = {36-43},

  Address                  = {Salvador},
  Subtitle                 = {urbanização e constituição dos fatores para a industrialização}
}
@Article{LIMA2003,
  Title                    = {Planejamento participativo à luz do {E}statuto da {C}idade},
  Author                   = {Lima, Adriana Nogueira Vieira},
  Journal                  = {Cadernos do CEAS},
  Year                     = {2003},

  Month                    = {jul.-ago.},
  Number                   = {206},
  Pages                    = {51-66},

  Address                  = {Salvador},
  Subtitle                 = {notas sobre a {C}idade do {S}alvador}
}
@Article{DESABRIGADOS1975,
  Title                    = {Por um lugar onde morar},
  Author                   = {{Amigos dos Desabrigados}},
  Journal                  = {Cadernos do CEAS},
  Year                     = {1975},

  Month                    = {maio-jun.},
  Number                   = {37},
  Pages                    = {20-34},

  Address                  = {Salvador},
  Subtitle                 = {subsídios para uma história das invasões e dos desabrigados em {S}alvador}
}
@Article{GAMBOA2002,
  Title                    = {Carta aberta},
  Journal                  = {Cadernos do CEAS},
  Year                     = {2002},

  Month                    = {nov.-dez.},
  Number                   = {202},
  Pages                    = {91-92},

  Address                  = {Salvador},
  Org-short                = {{Ass. Mor. Gamboa de Baixo}},
  Organization             = {{Associação Amigos de Gegê dos Moradores da Gamboa de Baixo}},
  Subtitle                 = {basta de violência policial na {G}amboa de {B}aixo!}
}
@Article{BRANDAO1978,
  Title                    = {A miragem},
  Author                   = {Brandão, Maria de Azevedo},
  Journal                  = {Planejamento},
  Year                     = {1978},

  Month                    = {jan.-mar.},
  Number                   = {1},
  Pages                    = {7-14},
  Volume                   = {6},

  Address                  = {Salvador},
  Subtitle                 = {notas sobre a ideologia do planejamento urbano}
}
@Article{CODIGO1978,
  Title                    = {O {C}ódigo de {U}rbanismo de 1948},
  Journal                  = {Planejamento},
  Year                     = {1978},

  Month                    = {jan.-mar.},
  Number                   = {1},
  Pages                    = {15-54},
  Volume                   = {6},

  Address                  = {Salvador}
}
@Article{FAVELAS1978,
  Title                    = {Os trabalhos da {S}ub-{C}omissão de {H}abitação e {F}avelas da {CNBS}},
  Journal                  = {Planejamento},
  Year                     = {1978},

  Month                    = {jan.-mar.},
  Number                   = {1},
  Pages                    = {55-80},
  Volume                   = {6},

  Address                  = {Salvador}
}
@Article{CPE1978,
  Title                    = {As propostas da {C}omissão de {P}lanejamento {E}conômico -- {CPE}},
  Journal                  = {Planejamento},
  Year                     = {1978},

  Month                    = {jan.-mar.},
  Number                   = {1},
  Pages                    = {81-130},
  Volume                   = {6},

  Address                  = {Salvador}
}
@Article{PREFEITURA1978,
  Title                    = {Duas medidas da {P}refeitura {M}unicipal -- 1959/1961},
  Journal                  = {Planejamento},
  Year                     = {1978},

  Month                    = {jan.-mar.},
  Number                   = {1},
  Pages                    = {131-136},
  Volume                   = {6},

  Address                  = {Salvador}
}
@Article{AGUIAR1978,
  Title                    = {Reflexões em torno do futuro de {S}alvador},
  Author                   = {Aguiar, Pinto de},
  Journal                  = {Planejamento},
  Year                     = {1978},

  Month                    = {abr.-jun.},
  Number                   = {2},
  Pages                    = {145-150},
  Volume                   = {6},

  Address                  = {Salvador}
}
@Article{BRANDAO1978a,
  Title                    = {Origens da expansão periférica de {S}alvador},
  Author                   = {Brandão, Maria de Azevedo},
  Journal                  = {Planejamento},
  Year                     = {1978},

  Month                    = {abr.-jun.},
  Number                   = {2},
  Pages                    = {155-172},
  Volume                   = {6},

  Address                  = {Salvador}
}
@Article{FERREIRA1978,
  Title                    = {Urbanismo como estudo do processo evolutivo das cidades e projeto de sua adequada estrutura},
  Author                   = {Ferreira, Mário Leal},
  Journal                  = {Planejamento},
  Year                     = {1978},

  Month                    = {abr.-jun.},
  Number                   = {2},
  Pages                    = {173-178},
  Volume                   = {6},

  Address                  = {Salvador}
}
@Article{GUIMARAESREBOUCAS1978,
  Title                    = {Diretrizes, elaboração e conclusão do {P}lano de {U}rbanismo da {C}idade do {S}alvador},
  Author                   = {Guimarães, Admar and REBOUÇAS, Diógenes},
  Journal                  = {Planejamento},
  Year                     = {1978},

  Month                    = {abr.-jun.},
  Number                   = {2},
  Pages                    = {179-192},
  Volume                   = {6},

  Address                  = {Salvador}
}
@Article{GUIMARAES1978,
  Title                    = {A {C}arta de {A}tenas},
  Author                   = {Guimarães, Admar},
  Journal                  = {Planejamento},
  Year                     = {1978},

  Month                    = {abr.-jun.},
  Number                   = {2},
  Pages                    = {193-218},
  Volume                   = {6},

  Address                  = {Salvador},
  Subtitle                 = {comentários a propósito de {S}alvador}
}
@Article{SIMAS1978,
  Title                    = {Ângulos do problema da habitação},
  Author                   = {Simas, Américo},
  Journal                  = {Planejamento},
  Year                     = {1978},

  Month                    = {abr.-jun.},
  Number                   = {2},
  Pages                    = {219-230},
  Volume                   = {6},

  Address                  = {Salvador}
}
@Article{VASCONCELLOS1974,
  Title                    = {O problema dos terrenos na {R}egião {M}etropolitana de {S}alvador},
  Author                   = {Vasconcellos, Pedro de Almeida},
  Journal                  = {Planejamento},
  Year                     = {1974},

  Month                    = {maio-jun.},
  Number                   = {3},
  Pages                    = {285-292},
  Volume                   = {2},

  Address                  = {Salvador}
}
@Article{SCHWEIZER1974,
  Title                    = {Metropolização},
  Author                   = {Schweizer, Peter José},
  Journal                  = {Planejamento},
  Year                     = {1974},

  Month                    = {mar.-abr.},
  Number                   = {2},
  Pages                    = {153-174},
  Volume                   = {2},

  Address                  = {Salvador},
  Subtitle                 = {nova forma de dependência}
}
@Article{MELLO1974,
  Title                    = {A renovação da geografia e o planejamento},
  Author                   = {{Mello e Silva}, Sylvio Bandeira de},
  Journal                  = {Planejamento},
  Year                     = {1974},

  Month                    = {mar.-abr.},
  Number                   = {2},
  Pages                    = {203-211},
  Volume                   = {2},

  Address                  = {Salvador}
}
@Article{CARVALHO1973,
  Title                    = {O profissional liberal latino-americano},
  Author                   = {Carvalho, Edmilson},
  Journal                  = {Planejamento},
  Year                     = {1973},

  Month                    = {set.-out.},
  Number                   = {1},
  Pages                    = {29-36},
  Volume                   = {1},

  Address                  = {Salvador},
  Subtitle                 = {o mercado e o planejamento}
}
@Article{KERTESZ1974,
  Title                    = {O planejador e o {C}entro {A}dministrativo da {B}ahia},
  Author                   = {Kértesz, Mário},
  Journal                  = {Planejamento},
  Year                     = {1974},

  Month                    = {jul.-ago.},
  Number                   = {4},
  Pages                    = {335-353},
  Volume                   = {2},

  Address                  = {Salvador}
}
@Article{LIMA1974,
  Title                    = {{C}entro {A}dministrativo da {B}ahia},
  Author                   = {Lima, João Filgueiras},
  Journal                  = {Planejamento},
  Year                     = {1974},

  Month                    = {jul.-ago.},
  Number                   = {4},
  Pages                    = {357-388},
  Volume                   = {2},

  Address                  = {Salvador}
}
@Article{SZUBERT1977,
  Title                    = {A {URBIS} e a habitação popular na {R}egião {M}etropolitana de {S}alvador},
  Author                   = {Szubert, Eva Barbosa},
  Journal                  = {Planejamento},
  Year                     = {1977},

  Month                    = {abr.-jun.},
  Number                   = {2},
  Pages                    = {23-44},
  Volume                   = {5},

  Address                  = {Salvador}
}
@Article{EVERS1978,
  Title                    = {Expansão urbana e propriedade fundiária em sociedades subdesenvolvidas},
  Author                   = {Evers, Hans-Dieter},
  Journal                  = {Planejamento},
  Year                     = {1978},

  Month                    = {out.-dez.},
  Number                   = {4},
  Pages                    = {389-404},
  Volume                   = {6},

  Address                  = {Salvador}
}
@Article{ESPINHEIRA1978,
  Title                    = {Urbanização e política urbana},
  Author                   = {Espinheira, Carlos Geraldo D'Andrea},
  Journal                  = {Planejamento},
  Year                     = {1978},

  Month                    = {out.-dez.},
  Number                   = {4},
  Pages                    = {417-423},
  Volume                   = {6},

  Address                  = {Salvador},
  Subtitle                 = {o mito do caos urbano}
}
@Article{CARVALHOSOUZA1978,
  Title                    = {A produção não-capitalista no desenvolvimento do capitalismo em {S}alvador},
  Author                   = {Carvalho, Inaiá Maria Moreira de and Souza, Guaracy Adeodato de},
  Journal                  = {Planejamento},
  Year                     = {1978},

  Month                    = {out.-dez.},
  Number                   = {4},
  Pages                    = {425-455},
  Volume                   = {6},

  Address                  = {Salvador}
}
@Article{CARVALHO1974,
  Title                    = {As restrições teóricas da planificação},
  Author                   = {Carvalho, Edmilson},
  Journal                  = {Planejamento},
  Year                     = {1974},

  Month                    = {mai.-jun.},
  Number                   = {3},
  Pages                    = {229-246},
  Volume                   = {2},

  Address                  = {Salvador},
  Subtitle                 = {crítica}
}
@Article{QUINTOJR1990,
  Title                    = {O papel da historiografia como instrumento de avaliação do surgimento da gestão urbana contemporânea},
  Author                   = {Quinto-Jr., Luiz de Pinedo},
  Journal                  = {Revista de Urbanismo e Arquitetura},
  Year                     = {1990},
  Number                   = {1},
  Pages                    = {62-75},
  Volume                   = {3},

  Address                  = {Salvador},
  Subtitle                 = {crítica}
}
@Article{SANTOS1982,
  Title                    = {O Estado, o direito e a quest{\~a}o urbana},
  Author                   = {Santos, Boaventura de Sousa},
  Journal                  = {Revista Crítica de Ciências Sociais},
  Year                     = {1982},
  Number                   = {9},
  Pages                    = {9-86},

  Address                  = {Coimbra},
  Publisher                = {Centro de Estudos Sociais}
}
@Article{HOLTHE2003,
  Title                    = {Quintais urbanos de Salvador},
  Author                   = {Holthe, Jan Maurício Oliveira},
  Journal                  = {Cadernos PPG-AU},
  Year                     = {2003},
  Number                   = {1},
  Pages                    = {61-74},
  Volume                   = {2},

  Subtitle                 = {realidades, usos e vivências no século {XIX}}
}
@Article{REIS2000,
  Title                    = {De olho no canto},
  Author                   = {Reis, João José},
  Journal                  = {Afro-Ásia},
  Year                     = {2000},
  Number                   = {24},
  Pages                    = {199-242},

  Address                  = {Salvador},
  Publisher                = {CEAO/EdUFBA},
  Subtitle                 = {trabalho de rua na {B}ahia na véspera da abolição}
}
@Article{COSTA1991,
  Title                    = {Espaços negros: 'cantos' e 'lojas' em Salvador no século XIX},
  Author                   = {Costa, Ana de Lourdes Ribeiro da},
  Journal                  = {Caderno CRH},
  Year                     = {1991},
  Pages                    = {18-34},
  Volume                   = {4}
}
@Article{santos_habitacao_1990,
  Title                    = {Crescimento urbano e habitação em Salvador (1890-1940)},
  Author                   = {Santos, Mário Augusto da Silva},
  Journal                  = {Revista de Urbanismo e Arquitetura},
  Year                     = {1990},
  Number                   = {1},
  Pages                    = {20-29},
  Volume                   = {3}
}
@Article{barbosa2009,
  Title                    = {De ganhadeira a mulher do saião},
  Author                   = {Barbosa, Isabela},
  Year                     = {2009},

  Subtitle                 = {a perseguição republicana ao pequeno comércio de gêneros alimentícios das mulhers negras na cidade de {S}alvador (1889-1922)},
  Url                      = {https://bahia3ucsal.wordpress.com/temas/perseguicao-ao-pequeno-comercio-das-mulheres-negras-1912/},
  Urlaccessdate            = {27 fev. 2015}
}
@Article{mata2007libertos,
  Title                    = {"Libertos de {T}reze de {M}aio e ex-senhores na {B}ahia},
  Author                   = {Mata, Iacy Maia},
  Journal                  = {Afro-Ásia},
  Year                     = {2007},
  Number                   = {35},
  Pages                    = {163-198},

  Address                  = {Salvador},
  Publisher                = {EdUFBA},
  Subtitle                 = {conflitos no pós-abolição}
}
@Article{maestri_revolabolicionista_2012,
  Title                    = {A revolução abolicionista no {B}rasil},
  Author                   = {Maestri, Mário},
  Journal                  = {Revista {(In)Visível}},
  Year                     = {2012},

  Month                    = {out.},
  Number                   = {1},
  Pages                    = {40-48}
}
@Article{reis_grevenegra_1993,
  Title                    = {A greve negra de 1857 na {Bahia}},
  Author                   = {REIS, João José},
  Journal                  = {Revista USP},
  Year                     = {1993},
  Number                   = {18},
  Pages                    = {6-29}
}
@Article{reis_elitemovsoc_1976,
  Title                    = {A elite baiana face aos movimentos sociais, Bahia: 1824-1840},
  Author                   = {Reis, João José},
  Journal                  = {Revista de História da USP},
  Year                     = {1976},
  Number                   = {108},
  Pages                    = {341-384},

  Optmonth                 = {out.-dez.}
}
@Article{reis_slaverebel_1988,
  Title                    = {Slave rebellion in {Brazil}},
  Author                   = {Reis, João José},
  Journal                  = {Luso-Brazilian Review},
  Year                     = {1988},

  Month                    = {summer},
  Number                   = {1},
  Pages                    = {111-144},
  Volume                   = {25},

  Subtitle                 = {{Bahia}, 1807-1835}
}
@Article{rodycz_juizdepaz_2003,
  Title                    = {O juiz de paz imperial},
  Author                   = {Rodycz, Wilson Carlos},
  Journal                  = {Revista Justiça e História},
  Year                     = {2003},
  Number                   = {5},
  Pages                    = {35-72},
  Volume                   = {3},

  Subtitle                 = {uma experiência de magistratura leiga e eletiva no Brasil}
}
@Article{reis_haoussa_2006,
  Title                    = {La révolte haoussa de {Bahia} en 1807},
  Author                   = {Reis, João José},
  Journal                  = {Annales. Histoire, Sciences Sociales},
  Year                     = {2006},

  Month                    = {mar.-abr.},
  Number                   = {2},
  Pages                    = {383-418},
  Volume                   = {61},

  Subtitle                 = {résistance et contrôle des esclaves au {Brésil}}
}
@Article{reis_familiareal_2008,
  Title                    = {``{Dono} da terra chegou, cento e cincoenta acabou?''},
  Author                   = {Reis, João José},
  Journal                  = {Revista de História da USP},
  Year                     = {2008},

  Month                    = {set.-nov.},
  Number                   = {79},
  Pages                    = {106-117},

  Subtitle                 = {Notas sobre resistência e controle dos escravos na {Bahia}, que recebeu a família real em 1808}
}
@Article{reisaguiar_ossocaroco_1996,
  Title                    = {``{C}arne sem osso, farinha sem caroço''},
  Author                   = {Reis, João José AND Aguiar, Márcia Gabriela D. de},
  Journal                  = {Revista de História da USP},
  Year                     = {1996},

  Month                    = {jul.-dez.},
  Number                   = {135},
  Pages                    = {133-160},

  Subtitle                 = {o motim de 1858 contra a carestia na {B}ahia}
}
@Article{alsino_evolucion_2012,
  Title                    = {Evolución y apoyo mutuo: {Kropotkin} em el contexto de las teorías evolutivas},
  Author                   = {ALSINO, Rodolfo},
  Journal                  = {Erosión: revista de pensamiento anarquista},
  Year                     = {2012},

  Month                    = jul,
  Number                   = {1},
  Pages                    = {29--41},
  Volume                   = {1}
}
@Article{ferretti_o_2013,
  Title                    = {O fundo {Reclus}-{Perron} e a controvérsia franco-brasileira de 1900: um mapa inédito que decidiu as fronteiras do {Brasil}},
  Author                   = {FERRETTI, Federico},
  Journal                  = {Terra Brasilis (nova série)},
  Year                     = {2013},
  Number                   = {2},

  Url                      = {http://terrabrasilis.revues.org/744}
}
@Article{_um_2012,
  Title                    = {Um portão e um mistério},
  Journal                  = {Folha da Chácara},
  Year                     = {2012},
  Number                   = {1}
}
@Article{filgueiras_o_1981,
  Title                    = {O quebra-quebra de {Salvador}},
  Author                   = {FILGUEIRAS, Oto},
  Journal                  = {Cad. CEAS},
  Year                     = {1981},
  Number                   = {76},
  Pages                    = {18--26},

  ISSN                     = {0102-9711},
  Language                 = {Portuguese}
}
@Article{maricato_urbanismo_2000,
  Title                    = {Urbanismo na periferia do mundo globalizado: metrópoles brasileiras},
  Author                   = {Maricato, Ermínia},
  Journal                  = {São Paulo em perspectiva},
  Year                     = {2000},
  Number                   = {4},
  Pages                    = {21--33},
  Volume                   = {14}
}
@Article{souza_uma_2014,
  Title                    = {Uma geografia marginal e sua atualidade: a linhagem libertária},
  Author                   = {SOUZA, Marcelo Lopes de},
  Year                     = {2014},

  Url                      = {http://territorioautonomo.files.wordpress.com/2010/10/uma-geografia-marginal-e-sua-atualidade2.pdf}
}
@Article{costa_movimentos_1997,
  Title                    = {Movimentos sociais, democratização e a constituição de espaços públicos locais},
  Author                   = {COSTA, Sérgio},
  Journal                  = {Revista Brasileira de Ciências Sociais},
  Year                     = {1997},
  Number                   = {35},
  Pages                    = {123--134},
  Volume                   = {12}
}
@Article{gomide_transporte_2003,
  Title                    = {Transporte urbano e inclusão social: elementos para políticas públicas},
  Author                   = {Gomide, Alexandre de Ávila},
  Journal                  = {Texto para discussão},
  Year                     = {2003},

  Month                    = jul,
  Number                   = {960}
}
@Article{barros_desapropriacao_2005,
  Title                    = {Desapropriação das memórias indesejáveis: opressão e resistência no {Centro} {Histórico} de {Salvador}},
  Author                   = {BARROS, Juliana Neves and PUGLIESE, Vanessa Souza},
  Journal                  = {Revista da Faculdade de Direito da UFPR},
  Year                     = {2005},

  Month                    = sep,
  Number                   = {0},
  Pages                    = {1--17},
  Volume                   = {43},

  Doi                      = {http://dx.doi.org/10.5380/rfdufpr.v43i0.7022}
}
@Article{boino_plaidoyer_1999,
  Title                    = {Plaidoyer por une géographie reclusienne},
  Author                   = {BOINO, Paul},
  Journal                  = {Réfractions},
  Year                     = {1999},

  Month                    = mar,
  Number                   = {4},

  Url                      = {http://refractions.plusloin.org/spip.php?article349}
}
@Article{comanducci_formas_2002,
  Title                    = {Formas de un (neo)constitucionalismo: un análisis metateórico},
  Author                   = {COMANDUCCI, Paolo},
  Journal                  = {Isonomía},
  Year                     = {2002},
  Number                   = {16},
  Pages                    = {89--112}
}
@Article{rossini_size_1990,
  Title                    = {The size of the informal sector in {Peru}: a critical comment on {Hernando} de {Soto}'s {El} {Otro} {Sendero}},
  Author                   = {ROSSINI, R G and THOMAS, J J},
  Journal                  = {World Development},
  Year                     = {1990},

  Month                    = jan,
  Number                   = {1},
  Pages                    = {125--135},
  Volume                   = {18}
}
@Article{cardoso_visita_2006,
  Title                    = {A visita de Élisée {Reclus} à {Sociedade} de {Geografia} do {Rio} de {Janeiro}},
  Author                   = {CARDOSO, Luciene P. Carris},
  Journal                  = {Revista da Sociedade Brasileira de Geografia},
  Year                     = {2006},
  Volume                   = {1},

  Url                      = {http://www.socbrasileiradegeografia.com.br/revista_sbg/luciene%20p%20c%20cardoso.html}
}
@Article{passa_palavra_dilemas_2014,
  Title                    = {Dilemas da luta por moradia ({Parte} {II})},
  Author                   = {{PASSA PALAVRA}},
  Journal                  = {Passa Palavra},
  Year                     = {2014},

  Month                    = jun,

  Url                      = {http://passapalavra.info/2014/06/96027}
}
@Article{coraggio_tres_2013,
  Title                    = {Las tres corrientes de pensamiento y acción dentro del campo de la economía social y solidaria},
  Author                   = {CORAGGIO, José Luiz},
  Journal                  = {Estudos Urbanos e Regionais},
  Year                     = {2013},

  Month                    = nov,
  Number                   = {2},
  Pages                    = {11--24},
  Volume                   = {15}
}
@Article{passa_palavra_entre_2010,
  Title                    = {Entre o fogo e a panela},
  Author                   = {{PASSA PALAVRA}},
  Year                     = {2010},

  Url                      = {http://passapalavra.info/2010/08/27717}
}
@Article{papin_londres_2005,
  Title                    = {Londres à la lumière d'un géographe libertaire},
  Author                   = {PAPIN, Delphine},
  Journal                  = {Hérodote},
  Year                     = {2005},

  Month                    = jun,
  Number                   = {117}
}
@Article{manolo_ha_2012,
  Title                    = {"{Há} muito espaço para crescer" (3ª parte)},
  Author                   = {{MANOLO}},
  Year                     = {2012},

  Url                      = {http://passapalavra.info/2012/04/54173}
}
@Article{carvalho_neto_mobilizacao_2003,
  Title                    = {Mobilização estudantil e transporte público: a ocupação das ruas},
  Author                   = {Carvalho Neto, Joviniano Soares de},
  Journal                  = {Cadernos do CEAS},
  Year                     = {2003},

  Month                    = nov,
  Number                   = {208},
  Pages                    = {11--42},

  ISSN                     = {0102-9711},
  Language                 = {Portuguese}
}
@Article{prestes_mota_as_1988,
  Title                    = {As formas organizacionais do {Estado}},
  Author                   = {PRESTES MOTA, Fernando C.},
  Journal                  = {Revista de Administração de Empresas},
  Year                     = {1988},
  Number                   = {4},
  Pages                    = {15--31},
  Volume                   = {28},

  Url                      = {http://dx.doi.org/10.1590/S0034-75901988000400003}
}
@Article{amacha_chacara_2009,
  Title                    = {Chácara {Santo} {Antônio} em alerta com as chuvas},
  Author                   = {AMACHA, Associação de Moradores e Amigos da Chácara Santo Antônio},
  Year                     = {2009},

  Url                      = {http://chacarasantoantonio.blogspot.com.br/2009/05/chacara-santo-antonio-em-alerta-com-as.html}
}
@Article{tilly_describing_2007,
  Title                    = {Describing, {Measuring}, and {Explaining} {Struggle}},
  Author                   = {Tilly, Charles},
  Journal                  = {Qualitative Sociology},
  Year                     = {2007},

  Month                    = nov,
  Number                   = {1},
  Pages                    = {1--13},
  Volume                   = {31},

  Doi                      = {10.1007/s11133-007-9089-2},
  ISSN                     = {0162-0436, 1573-7837},
  Url                      = {http://www.springerlink.com/index/10.1007/s11133-007-9089-2},
  Urldate                  = {2012-12-19}
}
@Article{tilly_cities_1989,
  Title                    = {Cities and states in {Europe}, 1000-1800},
  Author                   = {TILLY, Charles},
  Journal                  = {Theory and society},
  Year                     = {1989},
  Pages                    = {563--584},
  Volume                   = {18}
}
@Article{nascimento_transporte_2007,
  Title                    = {Transporte coletivo urbano e luta de classes: um panorama da questão},
  Author                   = {Nascimento, Manoel},
  Journal                  = {Cadernos do CEAS},
  Year                     = {2007},

  Month                    = jun,
  Number                   = {226},
  Pages                    = {57--84},

  ISSN                     = {0102-9711}
}
@Article{maricato_urbanismo_2000-1,
  Title                    = {Urbanismo na periferia do mundo globalizado: metrópoles brasileiras},
  Author                   = {MARICATO, Ermínia},
  Year                     = {2000},
  Number                   = {4},
  Pages                    = {21--33},
  Volume                   = {14}
}
@Article{passa_palavra_estado_2012,
  Title                    = {Estado e movimentos sociais},
  Author                   = {{PASSA PALAVRA}},
  Year                     = {2012},

  Url                      = {http://passapalavra.info/2012/02/52448}
}
@Article{pelletier_ville_1999,
  Title                    = {La ville et la géographie urbaine chez {Elisée} {Reclus} et à travers son époque},
  Author                   = {PELLETIER, Phillipe},
  Journal                  = {Réfractions},
  Year                     = {1999},

  Month                    = mar,
  Number                   = {4},

  Url                      = {http://refractions.plusloin.org/spip.php?article349}
}
@Article{santanna_reordenamento_1991,
  Title                    = {Reordenamento urbano pelo transporte},
  Author                   = {Sant'anna, José Alex},
  Journal                  = {Texto para discussão},
  Year                     = {1991},
  Number                   = {225}
}
@Article{tilly_analysis_1987,
  Title                    = {The analysis of popular collective action},
  Author                   = {TILLY, Charles},
  Journal                  = {European Journal of Operational Research},
  Year                     = {1987},
  Pages                    = {223--229},
  Volume                   = {30}
}
@Article{dominguez_aportes_2009,
  Title                    = {Los aportes a la {Geografía} de Élisée {Reclus} y {Piotr} {Kropotkin}},
  Author                   = {DOMINGUEZ, Ana and NOBLE, Andrea},
  Journal                  = {Anales del Instituto de Profesores “Artigas”},
  Year                     = {2009},
  Number                   = {3},
  Pages                    = {185--201},
  Volume                   = {2}
}
@Article{montoya_uriarte_intervencoes_2003,
  Title                    = {Intervenções recentes em centros históricos: as políticas de recuperação dos centros históricos de {Salvador}, {Lima} e {Quito}},
  Author                   = {MONTOYA URIARTE, Urpi},
  Journal                  = {Cadernos do CEAS},
  Year                     = {2003},

  Month                    = nov,
  Number                   = {208},
  Pages                    = {73--92},

  ISSN                     = {0102-9711}
}
@Article{passa_palavra_dilemas_2014-1,
  Title                    = {Dilemas da luta por moradia ({Parte} {I})},
  Author                   = {{PASSA PALAVRA}},
  Journal                  = {Passa Palavra},
  Year                     = {2014},

  Month                    = jun,

  Url                      = {http://passapalavra.info/2014/06/96027}
}
@Article{filgueiras_o_1981-1,
  Title                    = {O quebra-quebra de {Salvador}},
  Author                   = {Filgueiras, Oto},
  Journal                  = {Cadernos do CEAS},
  Year                     = {1981},
  Number                   = {76},
  Pages                    = {18--26},

  ISSN                     = {0102-9711},
  Language                 = {Portuguese}
}
@Article{mahon_interview_2014,
  Title                    = {Interview with {David} {Harvey}},
  Author                   = {MAHON, Matt},
  Journal                  = {The White Review.},
  Year                     = {2014},

  Url                      = {http://www.thewhitereview.org/interviews/interview-with-david-harvey}
}
@Article{passa_palavra_dilemas_2014-2,
  Title                    = {Dilemas da luta por moradia ({Parte} {III})},
  Author                   = {{PASSA PALAVRA}},
  Journal                  = {Passa Palavra},
  Year                     = {2014},

  Month                    = jun,

  Url                      = {http://passapalavra.info/2014/06/96027}
}
@Article{santanna_reordenamento_1991-1,
  Title                    = {Reordenamento urbano pelo transporte},
  Author                   = {SANT'ANNA, José Alex},
  Year                     = {1991},
  Number                   = {225}
}
@Article{lima_transporte_1992,
  Title                    = {Transporte urbano de passageiros: a tarifa como fonte de recursos},
  Author                   = {Lima, Iêda Maria de Oliveira},
  Journal                  = {Texto para discussão},
  Year                     = {1992},
  Number                   = {273}
}
@Article{gomide_transporte_2003-1,
  Title                    = {Transporte urbano e inclusão social: elementos para políticas públicas},
  Author                   = {GOMIDE, Alexandre de Ávila},
  Year                     = {2003},

  Month                    = jul,
  Number                   = {960}
}
@Article{lima_transporte_1992-1,
  Title                    = {Transporte urbano de passageiros: a tarifa como fonte de recursos},
  Author                   = {LIMA, Iêda Maria de Oliveira},
  Year                     = {1992},
  Number                   = {273}
}
@Article{feldman_interaction_1960,
  Title                    = {The interaction of social and physical space},
  Author                   = {FELDMAN, Arnold S. and Tilly, Charles},
  Journal                  = {American Sociological Review},
  Year                     = {1960},
  Number                   = {6},
  Pages                    = {877--884},
  Volume                   = {25}
}
@Article{gravois_soto_2005,
  Title                    = {The {De} {Soto} delusion},
  Author                   = {GRAVOIS, John},
  Journal                  = {Slate},
  Year                     = {2005},

  Month                    = jan,

  Url                      = {http://www.slate.com/articles/news_and_politics/hey_wait_a_minute/2005/01/the_de_soto_delusion.html}
}
@Article{carvalho_neto_mobilizacao_2003-1,
  Title                    = {Mobilização estudantil e transporte público: a ocupação das ruas},
  Author                   = {CARVALHO NETO, Joviniano Soares de},
  Journal                  = {Cad. CEAS},
  Year                     = {2003},

  Month                    = nov,
  Number                   = {208},
  Pages                    = {11--42},

  ISSN                     = {0102-9711},
  Language                 = {Portuguese}
}
@Article{bunting_fine_2000,
  Title                    = {Fine words, flawed ideas},
  Author                   = {BUNTING, Madeleine},
  Journal                  = {The Guardian},
  Year                     = {2000},

  Url                      = {http://www.theguardian.com/business/2000/sep/11/imf.comment}
}
@Article{bonduki_politica_2008,
  Title                    = {Política habitacional e inclusão social no {Brasil}: revisão histórica e novas perspectivas no governo {Lula}},
  Author                   = {BONDUKI, Nabil},
  Journal                  = {Arq.Urb – Revista Eletrônica de Arquitetura e Urbanismo},
  Year                     = {2008},
  Number                   = {1},
  Pages                    = {70--104},
  Volume                   = {1},

  Url                      = {http://www.usjt.br/arq.urb/numero_01/artigo_05_180908.pdf}
}
@Article{braga_programa_2009,
  Title                    = {Programa de recuperação do {Centro} {Histórico} de {Salvador}: políticas públicas e participação social},
  Author                   = {BRAGA, Paula Marques and SANTOS JÚNIOR, Wilson Ribeiro dos},
  Journal                  = {Revista de Pesquisa em Arquitetura e Urbanismo},
  Year                     = {2009},
  Number                   = {2},
  Pages                    = {23--34},
  Volume                   = {10},

  Abstract                 = {As iniciativas de revalorização dos Centros Históricos tem se traduzido, nas últimas décadas, em projetos de intervenção subsidiados e direcionados por investimentos públicos com inserções dos agentes privados. As políticas públicas que deram suporte a essas intervenções, embora anunciassem o objetivo de preservá-los e inseri-los nos contextos urbanos, privilegiaram a atividade turística e à indústria cultural levando à “gentrification” e efeitos sobre a população e cultura locais e o patrimônio imaterial. A análise dos momentos da implantação do Programa de Recuperação do Centro Histórico de Salvador (Bahia), iniciado em 1991 permite questionar a atuação do Estado e os resultados alcançados.}
}
@Article{oliveirasimoes_censos_2005,
  Title                    = {O {IBGE} e as pesquisas populacionais},
  Author                   = {Oliveira, Luiz Antonio Pinto de AND Simões, Celso Cardoso da Silva},
  Journal                  = {{R}evista {B}rasileira de {E}studos em {P}opulação},
  Year                     = {2005},

  Month                    = {jul.-dez.},
  Number                   = {2},
  Pages                    = {291-302},
  Volume                   = {22},

  Url                      = {http://www.scielo.br/pdf/rbepop/v22n2/v22n2a06.pdf},
  Urlaccessdate            = {07 jun. 2015}
}
@Article{lenin_stuttgart_1907,
  Title                    = {The {I}nternational {S}ocialist {C}ongress in {S}tuttgart},
  Author                   = {Lenin, Vladimir Ilich Ulianov},
  Journal                  = {Proletary},
  Year                     = {1907},

  Month                    = {20 out.},
  Number                   = {17},

  Url                      = {https://www.marxists.org/archive/lenin/works/1907/oct/20.htm},
  Urlaccessdate            = {06 jun. 2011}
}
@Article{masson_franceses_sd,
  Title                    = {A revolta dos franceses},
  Author                   = {Masson, Phillipe},
  Journal                  = {História Viva -- Grandes Temas},
  Number                   = {24},
  Pages                    = {50-51}
}
@Article{bernardo_internacio_1991,
  Title                    = {Internacionalização dos capitalistas e nacionalismo dos trabalhadores},
  Author                   = {Bernardo, João},
  Journal                  = {Revista de {A}dministração de {E}mpresas},
  Year                     = {1991},
  Number                   = {1},
  Pages                    = {5-13},
  Volume                   = {31},

  Optmonth                 = {jan.-mar.}
}
@Article{isitt_mutiny_2006,
  Title                    = {Mutiny from Victoria to Vladivostok, December 1918},
  Author                   = {Isitt, Benjamin},
  Journal                  = {Canadian Historical Review},
  Year                     = {2006},

  Month                    = {jun.},
  Number                   = {2},
  Pages                    = {223-264},
  Volume                   = {87}
}
@Article{machadoneto_bahiaint_1972,
  Title                    = {A {B}ahia intelectual (1900-1930)},
  Author                   = {Machado{ }Neto, Antonio Luiz},
  Journal                  = {Universitas},
  Year                     = {1972},

  Month                    = {maio-dez.},
  Note                     = {Contém várias tabelas não paginadas},
  Number                   = {12/13},
  Pages                    = {261-305}
}
@Article{brooks_alsace_1917,
  Title                    = {The real problem of {A}lsace-{L}orraine},
  Author                   = {Brooks, Sydney},
  Journal                  = {The North American Review},
  Year                     = {1917},

  Month                    = {nov.},
  Number                   = {744},
  Pages                    = {695-704},
  Volume                   = {206}
}
@Article{eckhardt_alsace_1918,
  Title                    = {The {A}lsace-{L}orraine question},
  Author                   = {Eckhardt, C. C.},
  Journal                  = {The Scientific Monthly},
  Year                     = {1918},

  Month                    = {mai.},
  Number                   = {5},
  Pages                    = {431-443},
  Volume                   = {6}
}
@Article{Fels1951,
  Title                    = {American business cycles},
  Author                   = {Fels, Rendigs},
  Journal                  = {The American Economic Review},
  Year                     = {1951},
  Number                   = {3},
  Pages                    = {325--349},
  Volume                   = {41},

  Mendeley-groups          = {depress\~{a}o de 1873-1896},
  Url                      = {http://www.jstor.org/stable/1802106}
}
@Article{Fels1949,
  Title                    = {The long-wave depression, 1873-1897},
  Author                   = {Fels, Rendigs},
  Journal                  = {The Review of Economics and Statistics},
  Year                     = {1949},
  Number                   = {1},
  Pages                    = {69--73},
  Volume                   = {31}
}
@Article{Musson1959,
  Title                    = {The Great Depression in Britain, 1873-1896: a reappraisal},
  Author                   = {Musson, A. E.},
  Year                     = {1959},
  Number                   = {2},
  Pages                    = {199--228},
  Volume                   = {19},

  Institution              = {Economic History Association}
}
@Article{Persons1920,
  Title                    = {Business and financial conditions following the Civil War in the United States},
  Author                   = {Persons, Warren M. and Tuttle, Pierson M. and Frickey, Edwin},
  Journal                  = {The Review of Economics and Statistics},
  Year                     = {1920},
  Pages                    = {5--21},
  Volume                   = {2}
}
@Article{Rezneck1950,
  Title                    = {Distress, relief and discontent in the United States during the Depression of 1873-78},
  Author                   = {Rezneck, Samuel},
  Journal                  = {Journal of Political Economy},
  Year                     = {1950},
  Number                   = {6},
  Pages                    = {494--512},
  Volume                   = {58}
}
@Article{CAPONI2002,
  Title                    = {Entre miasmas y microbios},
  Author                   = {Caponi, Sandra},
  Journal                  = {Cadernos de Saúde Pública},
  Year                     = {2002},

  Month                    = {12},
  Pages                    = {1665 - 1674},
  Volume                   = {18},

  ISSN                     = {0102-311X},
  Language                 = {es},
  Publisher                = {Scielo},
  Subtitle                 = {la vivienda popular higienizada}
}
@Article{MachadoNeto1966,
  Title                    = {Contribui\c{c}\~{a}o baiana \`{a} filosofia jur\'{\i}dica e \`{a} sociologia do {D}ireito},
  Author                   = {Machado{ }Neto, Antonio Luiz},
  Journal                  = {Revista da Faculdade de Direito da USP},
  Year                     = {1966},
  Number                   = {1},
  Pages                    = {117--157},
  Volume                   = {61},

  Abstract                 = {Fundada em 1891, a Faculdade de Direito da Universidade da Bahia logo se constituiu num centro de especula\c{c}\~{a}o jusfilos\'{o}fica e de indaga\c{c}\~{a}o sociol\'{o}gica como preocupa\c{c}\~{o}es complementares ao puro tratamento t\'{e}cnico-dogm\'{a}tico do fen\^{o}meno jur\'{\i}dico. Quanto \`{a} significa\c{c}\~{a}o dos estudos de ordem sociol\'{o}gica, realizados nessa entidade acad\^{e}mica, baste citar o depoimento insuspeito do Prof. Thales de Azevedo que a ela atribui "os primeiros estudos e influ\^{e}ncias da sociologia na Bahia". Se temos em vista que a filosofia em voga no Brasil, e, pois, na Bahia da \'{e}poca, era o positivismo, nas suas numerosas variantes, especialmente o evolucionismo spenceriano, veremos claro a impossibilidade de distinguir o sociol\'{o}gico do filos\'{o}fico na produ\c{c}\~{a}o intelectual daquele momento em tais setores da cultura. Quem compulse os Estudos de Filosofia do Direito de LEOVIGILDO FILGUEIRAS e a Classifica\c{c}\~{a}o dos Conhecimentos Humanos e das Sciencias Jur\'{\i}dicas de VIRG\'{I}LIO DE LEMOS ou, mesmo, o mais recente Proleg\'{o}menos \`{a} Ci\^{e}ncia do Direito de EDGARD SANCHES, ver\'{a} claro, que, embora aparecessem como obras filos\'{o}ficas, assinadas por professores de filosofia jur\'{\i}dica, o sociol\'{o}gico e o filos\'{o}fico n\~{a}o apresentam fronteiras definidas no pensamento de teor naturalista e positivista desses iniciadores da sociologia e da filosofia jur\'{\i}dicas entre n\'{o}s. Diante da impossibilidade f\'{a}ctica de proceder a essa separa\c{c}\~{a}o, optamos pela solu\c{c}\~{a}o \'{o}bvia de tratar os assuntos em conjunto, numa tentativa de compendiar o patrim\^{o}nio cultural que representa para a Bahia a contribui\c{c}\~{a}o de alunos e professores de nossa Faculdade de Direito na forma\c{c}\~{a}o e elabora\c{c}\~{a}o da cultura sociol\'{o}gico e filos\'{o}fico-jur\'{\i}dica na Bahia. Para a realiza\c{c}\~{a}o desse empreendimento foi de especial oportunidade a ajuda prestada ao A. pela Funda\c{c}\~{a}o para o Desenvolvimento da Ci\^{e}ncia na Bahia, que, desse modo, torna patente o fiel cumprimento da alta miss\~{a}o de que se acha investida pelas pr\'{o}prias finalidades expl\'{\i}citas da Institui\c{c}\~{a}o. Tamb\'{e}m deve ser deferido ao Dr. Ant\^{o}nio Cabral de Andrade um especial agradecimento pelo modo como acedeu ao nosso convite para se ocupar do encargo assaz tedioso de compendiar a obra do A. para essa resenha.},
  Doi                      = {http://dx.doi.org/10.11606/issn.2318-8235.v61i1p117-157},
  Url                      = {http://www.revistas.usp.br/rfdusp/article/view/66501}
}
@Article{mastromauro_higienist_2010,
  Title                    = {Alguns aspectos da saúde pública e do urbanismo higienista em {S}ão {P}aulo no final do século {XIX}},
  Author                   = {Mastromauro, Giovana Carla},
  Journal                  = {Cadernos de Hist\'{o}ria da Ci\^{e}ncia},
  Number                   = {2},
  Pages                    = {45--64},
  Volume                   = {6},

  ISSN                     = {1809-7634},
  Publisher                = {Instituto Butantan},
  Url                      = {http://periodicos.ses.sp.bvs.br/scielo.php?script=sci\_arttext\&pid=S1809-76342010000200004\&lng=en\&nrm=iso\&tlng=pt}
}
@Article{mauro_investissements_1977,
  Title                    = {Les investissements français en Amérique Latine des origines a 1973},
  Author                   = {MAURO, Frédéric},
  Journal                  = {Revue d'histoire économique et sociale},
  Year                     = {1977},
  Number                   = {1/2},
  Pages                    = {234-262},
  Volume                   = {55},

  Copyright                = {Copyright © 1977 Armand Colin},
  ISSN                     = {0035239X},
  Jstor_articletype        = {research-article},
  Jstor_formatteddate      = {1977},
  Language                 = {Français},
  Publisher                = {Armand Colin},
  Url                      = {http://www.jstor.org/stable/24079546}
}
@Article{rippy_german_1948,
  Title                    = {German Investments in Latin America},
  Author                   = {Rippy, J. Fred},
  Journal                  = {The Journal of Business of the University of Chicago},
  Year                     = {1948},
  Number                   = {2},
  Pages                    = {pp. 63-73},
  Volume                   = {21},

  Copyright                = {Copyright © 1948 The University of Chicago Press},
  ISSN                     = {07409168},
  Jstor_articletype        = {research-article},
  Jstor_formatteddate      = {Apr., 1948},
  Language                 = {English},
  Publisher                = {The University of Chicago Press},
  Url                      = {http://www.jstor.org/stable/2350102}
}
@Article{mauro_empfran_1999,
  Title                    = {As empresas francesas e o financiamento da industrialização do Brasil},
  Author                   = {Mauro, Frédéric},
  Journal                  = {Revista de Economia Política},
  Year                     = {1999},

  Month                    = {jul-set. 1999},
  Number                   = {3},
  Pages                    = {82-91},
  Volume                   = {19}
}
@Article{rippy_french_1949,
  Title                    = {French Investments in Argentina and Brazil},
  Author                   = {Rippy, J. Fred},
  Journal                  = {Political Science Quarterly},
  Year                     = {1949},
  Number                   = {4},
  Pages                    = {pp. 560-578},
  Volume                   = {64},

  Copyright                = {Copyright © 1949 The Academy of Political Science},
  ISSN                     = {00323195},
  Jstor_articletype        = {research-article},
  Jstor_formatteddate      = {Dec., 1949},
  Language                 = {English},
  Publisher                = {The Academy of Political Science},
  Url                      = {http://www.jstor.org/stable/2144323}
}
@Article{farquhar_invest_1916,
  Title                    = {South America and Investments},
  Author                   = {Farquhar, Percival},
  Journal                  = {The North American Review},
  Year                     = {1916},
  Number                   = {724},
  Pages                    = {397-402},
  Volume                   = {203},

  ISSN                     = {00292397},
  Jstor_articletype        = {research-article},
  Jstor_formatteddate      = {Mar., 1916},
  Language                 = {English},
  Publisher                = {University of Northern Iowa},
  Url                      = {http://www.jstor.org/stable/25108760}
}
@Article{rippy_britlat_1954,
  Title                    = {British Investments in Latin America at Their Peak},
  Author                   = {Rippy, J. Fred},
  Journal                  = {The Hispanic American Historical Review},
  Year                     = {1954},
  Number                   = {1},
  Pages                    = {94-102},
  Volume                   = {34},

  Copyright                = {Copyright © 1954 Duke University Press},
  ISSN                     = {00182168},
  Jstor_articletype        = {research-article},
  Jstor_formatteddate      = {Feb., 1954},
  Language                 = {English},
  Publisher                = {Duke University Press},
  Url                      = {http://www.jstor.org/stable/2509725}
}
@Article{goetzmann_british_2006,
  Title                    = {British investment overseas 1870–1913},
  Author                   = {Goetzmann, Willam N. AND Ukhov, Andrey D.},
  Journal                  = {Review of Finance},
  Year                     = {2006},
  Number                   = {2},
  Pages                    = {261-300},
  Volume                   = {10},

  Abstract                 = { We use a mean-variance approach to address the classic puzzle of British capital export in the 19th century. Our analysis shows that foreign securities listed in London offered significant diversification benefits to British investors. In simple terms, international diversification reduced risk. Conservative estimates of the optimal investment portfolio for a domestic investor suggest that the balance between foreign and domestic security offerings on the London Exchange was close to what classic equilibrium models of asset prices would suggest. Copyright 2006, Oxford University Press.},
  Subtitle                 = {a modern portfolio theory approach},
  Url                      = {http://EconPapers.repec.org/RePEc:oup:revfin:v:10:y:2006:i:2:p:261-300}
}
@Article{stone_british_1977,
  Title                    = {British Direct and Portfolio Investment in Latin America Before 1914},
  Author                   = {Stone, Irving},
  Journal                  = {The Journal of Economic History},
  Year                     = {1977},
  Number                   = {3},
  Pages                    = {pp. 690-722},
  Volume                   = {37},

  Abstract                 = {This article aims to determine what changes occurred in Britain's control over its Latin American investments between 1865 and 1913. This is done by examining trends in the direct-portfolio composition of total investment and of private investment, as well as that of each industrial grouping. A major finding is the rise of British private portfolio investment. Differences in the capital market instruments used in each type of investment are analyzed as is the nationality of those controlling private portfolio investment. Finally, there is an assessment of major factors associated with the rise of the private portfolio component of investment.},
  Copyright                = {Copyright © 1977 Economic History Association},
  ISSN                     = {00220507},
  Jstor_articletype        = {research-article},
  Jstor_formatteddate      = {Sep., 1977},
  Language                 = {English},
  Publisher                = {Cambridge University Press on behalf of the Economic History Association},
  Url                      = {http://www.jstor.org/stable/2119602}
}
@Article{andrade_saturnino_1991,
  Title                    = {O plano de {S}aturnino de {B}rito para {S}antos e a construção da cidade moderna no {B}rasil},
  Author                   = {Andrade, Carlos Roberto Monteiro de},
  Journal                  = {Espaço \& Debates},
  Year                     = {1991},
  Number                   = {34},
  Pages                    = {55-63},
  Volume                   = {11}
}
@Article{leme_urbasp_1991,
  Title                    = {A formação do pensamento urbanístico, em {S}ão {P}aulo, no início do século XX},
  Author                   = {Leme, Maria Cristina da Silva},
  Journal                  = {Espaço \& Debates},
  Year                     = {1991},
  Number                   = {34},
  Pages                    = {64-70},
  Volume                   = {11}
}
@Article{simoes_obraspublicas_1991,
  Title                    = {O setor de obras públicase as origens do urbanismo na cidade de {S}ão {P}aulo},
  Author                   = {Simões{ }Júnior, José Geraldo},
  Journal                  = {Espaço \& Debates},
  Year                     = {1991},
  Number                   = {34},
  Pages                    = {71-74},
  Volume                   = {11}
}
@Article{zanchetti_pernam_1991,
  Title                    = {Formação e consolidação da {R}epartição de {O}bras {P}[ublicas de {P}ernambuco (1836-1844)},
  Author                   = {Zanchetti, Sílvio Mendes},
  Journal                  = {Espaço \& Debates},
  Year                     = {1991},
  Number                   = {34},
  Pages                    = {75-83},
  Volume                   = {11}
}
@InProceedings{REIS2004,
  Title                    = {Centros históricos},
  Author                   = {Reis, Lysie dos},
  Booktitle                = {Anais Eletrônicos...},
  Year                     = {2004},
  Address                  = {Feira de Santana},
  Organization             = {Encontro Estadual de História da ANPUH-BA},
  Publisher                = {Universidade Estadual de Feira de Santana (UEFS)},
  Volume                   = {1},
  Conference-location      = {Feira de Santana},
  Conference-number        = {2},
  Conference-year          = {2004},
  Institution              = {Universidade Estadual de Feira de Santana (UEFS)},
  ISBN                     = {85-7395-119-2},
  Subtitle                 = {patrimônio de quem},
  Url                      = {http://www.uesb.br/anpuhba/artigos/anpuh_II/lysie_reis.pdf}
}
@InProceedings{FERNANDESGOMES1993,
  Title                    = {O passado tem futuro?},
  Author                   = {Fernandes, Ana and Gomes, Marco Aurélio A. de Filgueiras},
  Booktitle                = {Anais...},
  Year                     = {1993},
  Address                  = {Belo Horizonte},
  Organization             = {Encontro Nacional da ANPUR},
  Pages                    = {95-109},
  Conference-location      = {Belo Horizonte},
  Conference-number        = {5},
  Conference-year          = {1993},
  Subtitle                 = {Os (des)caminhos da requalificacão do {P}elourinho ({S}alvador/{BA})},
  Url                      = {http://unuhospedagem.com.br/revista/rbeur/index.php/anais/article/view/1488/1465},
  Urlaccessdate            = {27 fev. 2015}
}
@InProceedings{MOURADBALTRUSIS2011,
  Title                    = {Pelourinho},
  Author                   = {Mourad, Laila Nazem and Baltrusis, Nelson},
  Booktitle                = {Anais...},
  Year                     = {1993},
  Address                  = {Rio de Janeiro},
  Organization             = {Encontro Nacional da ANPUR},
  Pages                    = {95-109},
  Abstract                 = {Esse texto trata do processo de recuperação do Centro Histórico do Salvador, desde1992, com um breve relato sobre as seis etapas e concentrando na 7ª Etapa, marcadapela mudança de governo, mobilização social e a perspectiva de reverter o processo degentrificação das etapas anteriores. Para alcançarmos este objetivo dividimos esse texto em quatro partes na primeira trataremos de uma breve revisão do referencial teóricosobre preservação do patrimônio histórico, particularmente definindo os conceitospresentes na legislação pertinente. Numa segunda parte trataremos do processo derecuperação do Centro Histórico do Salvador. Em seguida destacaremos as mudanças derumo ocorridas quando da implantação da 7ª. Etapa de intervenção que procura incluir apopulação moradora na área de intervenção. Veremos ainda quais os componentesresponsáveis por essa mudança de rumo. E por último realizaremos algumasconsiderações sobre o processo.},
  Conference-location      = {Rio de Janeiro},
  Conference-number        = {14},
  Conference-year          = {2011},
  Subtitle                 = {entre a gentrificação e a coesão social},
  Url                      = {http://unuhospedagem.com.br/revista/rbeur/index.php/anais/article/view/2887},
  Urlaccessdate            = {27 fev. 2015}
}
@InProceedings{CHR1997,
  Title                    = {The practice of forced evictions},
  Booktitle                = {The realization of economic, social and cultural rights},
  Year                     = {1997},
  Address                  = {Genebra},
  Organization             = {Sub-comission on Prevention of Discrimination and Protection of Minorities of the Comission on Human Rights},
  Pages                    = {9},
  Booksubtitle             = {Expert seminar on the practice of forced evictions},
  Conference-location      = {Genebra},
  Conference-number        = {49},
  Conference-year          = {1997},
  Org-short                = {CHR-SPDPM},
  Subtitle                 = {comprehensive human rights guideline on development-based displacement}
}
@InProceedings{LENCIONI2007,
  Title                    = {Condições gerais de produção},
  Author                   = {Lencioni, Sandra},
  Booktitle                = {Anais Eletrônicos...},
  Year                     = {2007},
  Address                  = {Porto Alegre},
  Organization             = {Coloquio Internacional de Geocrítica},
  Publisher                = {Universidade Federal do Rio Grande do Sul (UFRGS)},
  Volume                   = {1},
  Conference-location      = {Porto Alegre},
  Conference-number        = {9},
  Conference-year          = {2007},
  Institution              = {Universidade Federal do Rio Grande do Sul (UFRGS)},
  Subtitle                 = {um conceito a ser recuperado para a compreensão das desigualdades de desenvolvimento regional},
  Url                      = {http://www.ub.edu/geocrit/9porto/lencioni.htm},
  Urlaccessdate            = {12 fev. 2015}
}
@InProceedings{ESTEBANMALUENDA2002,
  Title                    = {Tradición “versus” tecnología},
  Author                   = {{Esteban Maluenda}, Ana M.},
  Booktitle                = {Actas...},
  Year                     = {2002},
  Address                  = {Pamplona},
  Organization             = {Congreso Internacional Arquitectura, ciudad y ideología antiurbana},
  Publisher                = {T6 Ediciones},
  Volume                   = {1},
  Conference-location      = {Pamplona},
  Conference-year          = {mar. 2002},
  Institution              = {Escuela Técnica Superior de Arquitectura de la Universidad de Navarra},
  Subtitle                 = {un debate tibio en las revistas españolas},
  Url                      = {https://www.unav.es/arquitectura/documentos/publicaciones/pdfs/111.pdf}
}
@InProceedings{cardoso1990proleta,
  Title                    = {Habitação proletária em Salvador na virada do século},
  Author                   = {Cardoso, Luiz Antonio Fernandes},
  Booktitle                = {Anais do Seminário de História da Cidade e do Urbanismo},
  Year                     = {1990},
  Address                  = {Salvador},
  Organization             = {Associação Nacional de Pós-Graduação e Pesquisa em Planejamento Urbano e Regional},
  Pages                    = {151-168},
  Conference-location      = {Salvador},
  Conference-number        = {1},
  Conference-year          = {1990},
  Institution              = {Associação Nacional de Pós-Graduação e Pesquisa em Planejamento Urbano e Regional},
  Org-short                = {ANPUR},
  Subtitle                 = {um novo campo de exploração},
  Url                      = {http://unuhospedagem.com.br/revista/rbeur/index.php/shcu/article/view/298},
  Urlaccessdate            = {27 fev. 2015}
}
@InProceedings{mourad_pelourinho:_1993,
  Title                    = {Pelourinho: entre a gentrificação e a coesão social},
  Author                   = {MOURAD, Laila Nazem and BALTRUSIS, Nelson},
  Booktitle                = {Anais...},
  Year                     = {1993},
  Address                  = {Rio de Janeiro},
  Pages                    = {95--109},
  Publisher                = {Encontro Nacional da ANPUR}
}
@InProceedings{reis_centros_2004,
  Title                    = {Centros históricos: patrimônio de quem},
  Author                   = {REIS, Lysie dos},
  Booktitle                = {Anais {Eletrônicos}...},
  Year                     = {2004},
  Address                  = {Feira de Santana},
  Publisher                = {Universidade Estadual de Feira de Santana (UEFS)},
  Volume                   = {1},
  ISBN                     = {85-7395-119-2},
  Url                      = {http://www.uesb.br/anpuhba/artigos/anpuh_II/lysie_reis.pdf}
}
@InProceedings{_practice_1997,
  Title                    = {The practice of forced evictions: comprehensive human rights guideline on development-based displacement},
  Booktitle                = {The realization of economic, social and cultural rights},
  Year                     = {1997},
  Address                  = {Genebra},
  Pages                    = {9},
  Publisher                = {Sub-comission on Prevention of Discrimination and Protection of Minorities of the Comission on Human Rights}
}
@InProceedings{fernandes_o_1993,
  Title                    = {O passado tem futuro? {Os} (des)caminhos da requalificacão do {Pelourinho} ({Salvador}/{BA})},
  Author                   = {FERNANDES, Ana and GOMES, Marco Aurélio A. de Filgueiras},
  Booktitle                = {Anais...},
  Year                     = {1993},
  Address                  = {Belo Horizonte},
  Pages                    = {95--109},
  Publisher                = {Encontro Nacional da ANPUR},
  Url                      = {http://unuhospedagem.com.br/revista/rbeur/index.php/anais/article/view/1488/1465}
}
@InProceedings{reisetal_areascensos_2011,
  Title                    = {Áreas mínimas comparáveis para os períodos intercensitários de 1872 a 2000},
  Author                   = {Reis, Eustáquio José AND Pimentel, Márcia AND Alvarenga, Ana Isabel AND Santos, Maria do Carmo Horácio dos},
  Booktitle                = {Anais Eletrônicos...},
  Year                     = {2011},
  Address                  = {Paraty},
  Month                    = {maio},
  Organization             = {Simpósio Brasileiro de Cartografia Histórica},
  Pages                    = {1-19},
  Publisher                = {Universide Federal de Minas Gerais (UFMG)},
  Volume                   = {1},
  Conference-location      = {Paraty},
  Conference-number        = {1},
  Conference-year          = {2011},
  Eventdate                = {10 a 14 de maio de 2011},
  Eventtitle               = {Simpósio Brasileiro de Cartografia Histórica},
  Institution              = {Universidade Federal de Minas Gerais (UFMG)},
  Language                 = {português},
  Location                 = {Paraty},
  Url                      = {https://www.ufmg.br/rededemuseus/crch/simposio/REIS_EUSTAQUIO_JOSE_R_ET_AL.pdf},
  Urldate                  = {28 maio 2015},
  Venue                    = {Paraty}
}
