@misc{movimento_passe_livre_resolucoes_2006,
	title = {Resoluções do 3.º {Encontro} {Nacional} do {Movimento} {Passe} {Livre}},
	author = {Movimento Passe Livre},
	year = {2006}
}

@book{tronti_operarios_1976,
	address = {Porto},
	title = {Operários e capital},
	publisher = {Afrontamento},
	author = {TRONTI, Mário},
	year = {1976}
}

@book{menezes_proudhon_1966,
	address = {Rio de Janeiro},
	title = {Proudhon, {Hegel} e a dialética},
	publisher = {Zahar},
	author = {MENEZES, Djacir},
	year = {1966}
}

@book{bernardo_economia_1991-1,
	address = {São Paulo, SP},
	title = {Economia dos conflitos sociais},
	isbn = {8524904437 9788524904431},
	language = {Portuguese},
	publisher = {Cortez Editora},
	author = {BERNARDO, João},
	year = {1991}
}

@book{salvador_municipio_anuario_2005,
	address = {Salvador},
	title = {Anuário de transportes de {Salvador}},
	volume = {16},
	publisher = {Prefeitura Municipal de Salvador},
	author = {Salvador (município), Secretaria Municipal de Transportes e Infraestrutura},
	year = {2005}
}

@phdthesis{ferreira_multidao_2008,
	address = {Salvador},
	type = {Dissertação de mestrado},
	title = {A multidão rouba a cena: o quebra-quebra em {Salvador} (1981)},
	school = {Universidade Federal da Bahia},
	author = {Ferreira, Edemir Brasil},
	year = {2008}
}

@inproceedings{fernandes_o_1993,
	address = {Belo Horizonte},
	title = {O passado tem futuro? {Os} (des)caminhos da requalificacão do {Pelourinho} ({Salvador}/{BA})},
	url = {http://unuhospedagem.com.br/revista/rbeur/index.php/anais/article/view/1488/1465},
	booktitle = {Anais...},
	publisher = {Encontro Nacional da ANPUR},
	author = {FERNANDES, Ana and GOMES, Marco Aurélio A. de Filgueiras},
	year = {1993},
	pages = {95--109}
}

@book{machamer_blackwell_2002,
	address = {Malden, Mass},
	series = {Blackwell philosophy guides},
	title = {The {Blackwell} guide to the philosophy of science},
	isbn = {0631221077},
	number = {7},
	publisher = {Blackwell},
	collaborator = {Machamer, Peter K. and Silberstein, Michael},
	year = {2002},
	keywords = {Philosophy, Science}
}

@book{banco_mundial_cidades_2003,
	address = {São Paulo},
	title = {Cidades em movimento: estratégia de transporte urbano do {Banco} {Mundial}},
	publisher = {Sumatra},
	author = {Banco Mundial},
	year = {2003}
}

@misc{assembleia_nacional_constituinte_transcricao_1987,
	title = {Transcrição das notas taquigráficas da reunião do dia 30 de abril de 1987, às nove horas e cinquenta minutos, da subcomissão da questão urbana e transporte na sala 5, da ala senador {Alexandre} {Costa}, anexo {II}, {Senado} {Federal}},
	language = {Portug},
	author = {ASSEMBLEIA NACIONAL CONSTITUINTE, Comissão da ordem econômica. Subcomissão da questão urbana e transporte.},
	year = {1987}
}

@book{ward_talking_1990,
	address = {Londres},
	title = {Talking houses: ten lectures by {Colin} {Ward}},
	publisher = {Freedom},
	author = {WARD, Colin},
	year = {1990}
}

@book{dahl_preface_2006,
	address = {Chicago},
	title = {A preface to democratic theory},
	publisher = {University of Chicago Press},
	author = {DAHL, Robert A.},
	year = {2006}
}

@article{santanna_reordenamento_1991-1,
	title = {Reordenamento urbano pelo transporte},
	number = {225},
	author = {SANT'ANNA, José Alex},
	year = {1991}
}

@book{dal_rosso_jornada_1996-1,
	address = {São Paulo},
	title = {A jornada de trabalho na sociedade: o castigo de {Prometeu}},
	publisher = {LTr},
	author = {DAL ROSSO, Sadi},
	year = {1996}
}

@book{kropotkin_decomposicao_2005,
	address = {São Paulo},
	title = {A decomposição dos {Estados}},
	publisher = {Imaginário/Ícone},
	author = {KROPOTKIN, Piotr},
	year = {2005}
}

@book{andrade_mao_1988,
	address = {São Paulo},
	title = {A mão de obra escrava em {Salvador}: 1811 – 1860},
	publisher = {Corrupio},
	author = {ANDRADE, Maria José de Souza},
	year = {1988}
}

@book{goatly_desktop-publishing_1991-1,
	address = {Reino Unido},
	title = {Desktop-{Publishing} on the {Arquimedes}: {DTP} for all},
	publisher = {Sigma},
	author = {Goatly, B.},
	year = {1991}
}

@article{lima_transporte_1992,
	title = {Transporte urbano de passageiros: a tarifa como fonte de recursos},
	number = {273},
	journal = {Texto para discussão},
	author = {Lima, Iêda Maria de Oliveira},
	year = {1992}
}

@misc{manoel_uma_2003-1,
	title = {Uma análise do movimento em {Salvador}},
	url = {http://www.midiaindependente.org/pt/blue/2003/09/263120.shtml},
	urldate = {2006-11-25},
	journal = {Centro de Mídia Independente},
	author = {Manoel},
	year = {2003}
}

@book{dworkin_uma_2000,
	address = {São Paulo},
	title = {Uma questão de princípio},
	isbn = {8533612206 9788533612204},
	abstract = {Discute questões a respeito do sistema jurídico anglo-americano como protetor de direitos individuais e como mecanismo para promover o bem comum. Discute se os juízes devem tomar decisões políticas em casos controversos, o equilíbrio entre os direitos individuais e o bem da comunidade, se uma pessoa tem o direito de fazer algo que a sociedade considera errado e o significado da igualdade em qualquer estrutura social.},
	language = {Portuguese},
	publisher = {Martins Fontes},
	author = {Dworkin, Ronald},
	translator = {Borges, Luís Carlos},
	year = {2000}
}

@book{reclus_evolucao_2002,
	address = {São Paulo},
	title = {A evolução, a revolução e o ideal anarquista},
	publisher = {Expressão e Arte/Imaginário},
	author = {RECLUS, Élisée},
	year = {2002}
}

@book{santos_urbanizacao_2010,
	address = {São Paulo},
	title = {A urbanização desigual: a especificidade do fenômeno nos países subdesenvolvidos},
	isbn = {9788531412615},
	publisher = {EDUSP},
	author = {Santos, Mílton},
	year = {2010}
}

@book{ranciere_mesentente:_1995,
	address = {Paris},
	series = {Collection {La} philosophie en effet},
	title = {La mésentente: politique et philosophie},
	isbn = {2718604506},
	shorttitle = {La mésentente},
	publisher = {Galilée},
	author = {Rancière, Jacques},
	year = {1995},
	keywords = {Philosophie politique, Philosophy, Political science}
}

@article{gomide_transporte_2003-1,
	title = {Transporte urbano e inclusão social: elementos para políticas públicas},
	number = {960},
	author = {GOMIDE, Alexandre de Ávila},
	month = jul,
	year = {2003}
}

@book{elias_sobre_1989,
	address = {Mexico; Madrid; Bs. Aires},
	title = {Sobre el tiempo},
	isbn = {8437502926 9788437502922},
	language = {Spanish},
	publisher = {Fondo de Cultura Económica},
	author = {Elias, Norbert},
	year = {1989}
}

@book{wright_storming_2002,
	address = {London ; Sterling, Va},
	title = {Storming heaven: class composition and struggle in {Italian} autonomist marxism},
	isbn = {0745316077},
	shorttitle = {Storming heaven},
	publisher = {Pluto Press},
	author = {Wright, Steve},
	year = {2002},
	keywords = {20th century, Communism, History, Italy, Labor movement, Politics and government, Working class},
	annote = {Weathering the 1950s -- Quaderni Rossi and the workers' enquiry -- Classe Operaia -- New subjects -- The creeping may -- Potere Operaio -- Toni Negri and the Operaio Sociale -- The historiography of the mass worker -- The collapse of workerism -- Conclusion}
}

@article{lima_transporte_1992-1,
	title = {Transporte urbano de passageiros: a tarifa como fonte de recursos},
	number = {273},
	author = {LIMA, Iêda Maria de Oliveira},
	year = {1992}
}

@book{silva_neto_curso_2010-1,
	address = {Rio de Janeiro},
	edition = {6ª},
	title = {Curso de {Direito} {Constitucional}},
	isbn = {9878537507971},
	publisher = {Lumen Juris},
	author = {SILVA NETO, Manoel Jorge e},
	year = {2010}
}

@book{gustin_necessidades_????,
	title = {Das necessidades humanas aos {Direitos}. {Ensaio} de sociologia e filosofia do direito},
	author = {GUSTIN, Miracy Barbosa de Sousa}
}

@book{bonefeld_open_1995-1,
	address = {London},
	title = {Open marxism vol. 3: emancipating {Marx}},
	isbn = {0745308635 9780745308630 0745308643 9780745308647},
	abstract = {This book provides a state-of-the-art discussion in crucial areas of Marxist debate, with original contributions. This is a consolidation of the success of the previous two volumes of Open Marxism.},
	language = {English},
	publisher = {Pluto},
	editor = {Bonefeld, Werner and Gunn, Richard and Psychopedis, Kosmas},
	year = {1995}
}

@book{santos_o_1959,
	address = {Salvador},
	title = {O {Centro} da cidade do {Salvador}},
	publisher = {Progresso},
	author = {SANTOS, Milton},
	year = {1959}
}

@book{grau_ensaio_2002,
	address = {São Paulo},
	title = {Ensaio e discursos sobre a interpretação/aplicação do direito},
	publisher = {Malheiros},
	author = {GRAU, Eros Roberto},
	year = {2002}
}

@book{santos_urbanizacao_2005,
	address = {São Paulo},
	title = {A urbanização brasileira},
	isbn = {8531408601 9788531408601},
	abstract = {Aborda a reorganização do território brasileiro, suas realidades e tendências. Apresenta as principais características da formação socioespacial, as repercussões na organização do espaço agrícola e urbano e as metamorfoses da rede urbana.},
	language = {Portuguese},
	publisher = {EDUSP},
	author = {Santos, Mílton},
	year = {2005}
}

@article{feldman_interaction_1960,
	title = {The interaction of social and physical space},
	volume = {25},
	number = {6},
	journal = {American Sociological Review},
	author = {FELDMAN, Arnold S. and Tilly, Charles},
	year = {1960},
	pages = {877--884}
}

@book{davis_planeta_2006-3,
	address = {São Paulo},
	title = {Planeta favela},
	publisher = {Boitempo},
	author = {Davis, Mike},
	translator = {Medina, Beatriz},
	year = {2006}
}

@book{vinicius_guerra_2006-1,
	address = {São Paulo},
	title = {Guerra da tarifa 2005: uma visão de dentro do {MPL}},
	publisher = {Faísca},
	author = {Vinícius, Leo},
	year = {2006}
}

@book{habermas_direito_1997-2,
	address = {Rio de Janeiro, RJ},
	title = {Direito e democracia entre facticidade e validade},
	isbn = {8528200957 9788528200959},
	language = {Portuguese},
	publisher = {Tempo Brasileiro},
	author = {HABERMAS, Jürgen},
	translator = {Siebeneichler, Flávio Beno},
	year = {1997}
}

@book{ohchr_international_2015,
	address = {Nova Iorque},
	title = {International standards},
	url = {http://www.ohchr.org/EN/Issues/Housing/Pages/InternationalStandards.aspx},
	publisher = {United Nations},
	author = {OHCHR, Office of the High Comissioner for Human Rights},
	year = {2015}
}

@incollection{peet_geografiliberacion_1989,
	address = {Madrid},
	title = {La geografía de la liberación humana},
	booktitle = {Anarquismo y geografía},
	publisher = {Oikos-Tau},
	author = {PEET, Richard},
	editor = {PEET, Richard},
	year = {1989},
	pages = {329--372}
}

@book{kracauer_salaried_1998,
	address = {London ; New York},
	title = {The salaried masses: duty and distraction in {Weimar} {Germany}},
	isbn = {1859848818},
	shorttitle = {The salaried masses},
	publisher = {Verso},
	author = {Kracauer, Siegfried},
	year = {1998},
	keywords = {20th century, Germany, History, White collar workers}
}

@misc{manolo_transporte_2007-1,
	title = {Transporte coletivo urbano: crise de financiamento vs. crise de mobilidade},
	url = {http://salvador.mpl.org.br/?q=node/40},
	urldate = {2007-11-03},
	journal = {Movimento Passe Livre (Salvador)},
	author = {Manolo},
	year = {2007}
}

@book{engisch_introducao_1996-1,
	address = {Lisboa},
	edition = {7},
	title = {Introdução ao pensamento jurídico},
	publisher = {Fundação Calouste Gulbenkian},
	author = {ENGISCH, Karl},
	translator = {Machado, João B.},
	year = {1996}
}

@book{neves_movimento_2006-1,
	address = {Curitiba},
	title = {Movimento popular e transporte coletivo em {Curitiba}},
	publisher = {Gráfica Popular/CEFURIA},
	author = {NEVES, Lafaiete Santos},
	year = {2006}
}

@book{alexy_teoria_1993-1,
	address = {Madrid},
	title = {Teoria de los derechos fundamentales},
	publisher = {Centro de Estudios Constitucionales},
	author = {ALEXY, Robert},
	year = {1993}
}

@book{graeber_fragments_2004,
	address = {Chicago},
	title = {Fragments of anarchist anthropology},
	publisher = {Prickly Paradigm},
	author = {GRAEBER, David},
	year = {2004}
}

@book{ajayi_historia_2010-1,
	address = {Brasília},
	title = {História geral da África: vol. 6 - África do século {XIX} à década de 1980},
	volume = {6},
	publisher = {UNESCO},
	editor = {AJAYI, F. Ade},
	year = {2010}
}

@book{proudhon_sistema_2007,
	address = {São Paulo},
	title = {Sistema das contradições econômicas, ou {Filosofia} da miséria},
	publisher = {Escala},
	author = {PROUDHON, Pierre-Joseph},
	year = {2007}
}

@book{huberman_historia_1986,
	address = {Rio de Janeiro},
	title = {História da riqueza do homem},
	isbn = {8521610637 9788521610632},
	abstract = {Do Feudalismo ao Capitalismo. Sacerdotes, guerreiros e trabalhadores. Entra em cena o comerciante. Rumo à cidade. Surgem novas idéias. O camponês rompe amarras. E nenhum estrangeiro trabalhará... Aí vem o Rei!. Homem rico... Homem pobre, mendigo, ladrão. Precisam-se trabalhadores - crianças de dois anos podem candidatar-se. Ouro, grandeza e glória. Deixem-nos em paz! A velha ordem mudou. Do Capitalismo ao... De onde vem o dinheiro. Revolução - na indústria, agricultura, transporte. A semente que semeais, outro colhe... Leis naturais de quem?.},
	language = {Portuguese},
	publisher = {LTC},
	author = {Huberman, L},
	year = {1986}
}

@book{kropotkin_palavras_2005,
	address = {São Paulo},
	title = {Palavras de um revoltado},
	publisher = {Imaginário/Ícone},
	author = {KROPOTKIN, Piotr},
	year = {2005}
}

@book{santos_descolonizar_2010,
	address = {[Montevideo, Uruguay]},
	title = {Descolonizar el saber, reinventar el poder},
	isbn = {9789974325463  9974325463},
	language = {Spanish},
	publisher = {Ediciones Trilce ; Extensión universitaria, Universidad de la Républica},
	author = {Santos, Boaventura de Sousa},
	year = {2010}
}

@book{sim_routledge_2001,
	address = {London; New York},
	title = {The {Routledge} companion to postmodernism},
	isbn = {0415243076  0415243084  9780415243070  9780415243087},
	abstract = {"Recent years have witnessed radical changes in our social and political existence, with traditional ideas and ways of living increasingly being called into question. Such questioning has led to a crisis of authority that goes under the general name of postmodernism. But what does this word mean and why is it so important? The Routledge Companion to Postmodernism provides all the answers you need. It is an accessible and comprehensive survey of the intellectual developments that have brought about a wholesale shift in cultural perspectives. Combining detailed essays, written by experts in the subject, with an invaluable A-Z guide to 'who's who' and 'what's what' in postmodernism, this is the guide to a phenomenon that has shaped today's world."--BOOK JACKET.},
	language = {English},
	publisher = {Routledge},
	author = {Sim, Stuart},
	year = {2001}
}

@book{kropotkin_o_2005-1,
	address = {São Paulo},
	title = {O espírito de revolta},
	publisher = {Imaginário/Ícone},
	author = {KROPOTKIN, Piotr},
	year = {2005}
}

@book{goodman_communitas:_1960,
	address = {Nova Iorque},
	edition = {2ª ed.},
	title = {Communitas: means of livelihood and ways of life},
	publisher = {Random House},
	author = {GOODMAN, Paul and GOODMAN, Percival},
	year = {1960}
}

@book{salvador_municipio_anuario_2005-1,
	address = {Salvador},
	title = {Anuário de transportes de {Salvador}},
	volume = {16},
	publisher = {Prefeitura Municipal de Salvador},
	author = {SALVADOR (Município), Secretaria Municipal de Transportes e Infraestrutura},
	year = {2005}
}

@book{bernardo_estado:_1998,
	address = {São Paulo},
	title = {Estado: a silenciosa multiplicação do poder},
	publisher = {Escrituras},
	author = {BERNARDO, João},
	year = {1998}
}

@book{hardt_multidao:_2004,
	address = {Rio de Janeiro/São Paulo},
	title = {Multidão: guerra e democracia na era do {Império}},
	publisher = {Record},
	author = {HARDT, Michael and NEGRI, Antonio},
	year = {2004}
}

@book{alexy_teoriderechos_1993,
	address = {Madrid},
	title = {Teoría de los derechos fundamentales},
	isbn = {8425909392 9788425909399},
	language = {Spanish},
	publisher = {Centro de Estudios Constitucionales},
	author = {Alexy, Robert},
	year = {1993}
}

@incollection{carvalho_teoria_1998-1,
	address = {São Paulo},
	title = {Teoria da firma: a produção e a firma},
	booktitle = {Manual de economia -- equipe de professores da {USP}},
	publisher = {Saraiva},
	author = {Carvalho, Luiz Carlos Pereira de},
	editor = {Pinho, Diva Benevides and Vasconcelos, Marco Antônio Sandoval de},
	year = {1998},
	pages = {143--180}
}

@book{carneiro_cidade_1954,
	address = {Rio de Janeiro},
	title = {A cidade do {Salvador}},
	publisher = {Simões},
	author = {CARNEIRO, Edison},
	year = {1954}
}

@book{bakhtin_toward_1993,
	address = {Austin},
	edition = {1st ed},
	series = {University of {Texas} {Press} {Slavic} series},
	title = {Toward a philosophy of the act},
	isbn = {0292765347},
	number = {no. 10},
	publisher = {University of Texas Press},
	author = {Bakhtin, M. M.},
	collaborator = {Holquist, Michael and Liapunov, Vadim},
	year = {1993},
	keywords = {Act (Philosophy), Communication, Ethics, Literature, Moral and ethical aspects, Philosophy}
}

@article{gravois_soto_2005,
	title = {The {De} {Soto} delusion},
	url = {http://www.slate.com/articles/news_and_politics/hey_wait_a_minute/2005/01/the_de_soto_delusion.html},
	journal = {Slate},
	author = {GRAVOIS, John},
	month = jan,
	year = {2005}
}

@book{camargo_1988-1998_1999-1,
	address = {Rio de Janeiro},
	title = {1988-1998 - uma década de constituição},
	publisher = {Renovar},
	author = {CAMARGO, Margarida Maria Lacombe},
	year = {1999}
}

@book{vasconcellos_transporte_2000,
	address = {São Paulo},
	title = {Transporte urbano nos países em desenvolvimento : reflexões e propostas},
	isbn = {8574191590 9788574191591},
	shorttitle = {Transporte urbano nos países em desenvolvimento},
	language = {Portuguese},
	publisher = {Annablume},
	author = {Vasconcellos, Eduardo Alcântara de},
	year = {2000}
}

@book{haberle_hermeneutica_2002,
	address = {Porto Alegre},
	title = {Hermenêutica constitucional – a sociedade aberta dos intérpretes da {Constituição}: contribuição para a interpretação pluralista e “procedimental” da constituição},
	publisher = {Sergio Antonio Fabris},
	author = {HÄBERLE, Peter},
	year = {2002}
}

@book{sokal_intellectual_1998,
	address = {London},
	title = {Intellectual impostures : postmodern philosophers' abuse of science},
	isbn = {1861970749  9781861970749  8449305314 9788449305313},
	shorttitle = {Intellectual impostures},
	language = {English},
	publisher = {Profile Books},
	author = {Sokal, Alan D and Bricmont, J},
	year = {1998}
}

@book{souza_questao_1993,
	address = {Campinas},
	title = {A questão da individualidade: a crítica do humano e do social na polêmica {Stirner}-{Marx}},
	publisher = {EdUNICAMP},
	author = {SOUZA, José Crisóstomo de},
	year = {1993}
}

@book{santos_epistemologias_2009,
	address = {Coimbra},
	title = {Epistemologias do {Sul}},
	isbn = {972403738X 9789724037387},
	language = {Portuguese},
	publisher = {Almedina},
	author = {Santos, Boaventura de Sousa and Meneses, Paula Maria G},
	year = {2009}
}

@book{ranciere_o_1996,
	address = {Rio de Janeiro},
	title = {O desentendimento: política e filosofia},
	publisher = {34},
	author = {RANCIÈRE, Jacques},
	year = {1996}
}

@book{sampaio_50_2005,
	address = {Rio de Janeiro},
	title = {50 anos de urbanização: {Salvador} da {Bahia} no século {XIX}},
	publisher = {Versal},
	author = {SAMPAIO, Consuelo Novais},
	year = {2005}
}

@incollection{castoriadis_tecnica_1987-1,
	address = {Rio de Janeiro},
	title = {Técnica},
	booktitle = {As encruzilhadas do labirinto, vol. 1},
	publisher = {Zahar},
	author = {CASTORIADIS, Cornelius},
	translator = {GUEDES, Carmen Sylvia and BOAVENTURA, Rosa Maria},
	year = {1987}
}

@book{grau_ensaio_2002-1,
	address = {São Paulo},
	title = {Ensaio e discursos sobre a interpretação/aplicação do direito},
	publisher = {Malheiros},
	author = {GRAU, Eros Roberto},
	year = {2002}
}

@book{hart_o_2001,
	address = {Lisboa},
	title = {O conceito de direito},
	isbn = {9723106922 9789723106923},
	language = {Portuguese},
	publisher = {Fundação Calouste Gulbenkian},
	author = {Hart, Herbert L. A},
	translator = {Mendes, A. Ribeiro},
	collaborator = {Bulloch, Penelope A and Raz, Joseph},
	year = {2001}
}

@book{tilly_mobilization_1978,
	address = {New York},
	title = {From mobilization to revolution},
	isbn = {0394349415 9780394349411 0075548518 9780075548515},
	language = {English},
	publisher = {Random House},
	author = {Tilly, Charles},
	year = {1978}
}

@article{carvalho_neto_mobilizacao_2003-1,
	title = {Mobilização estudantil e transporte público: a ocupação das ruas},
	issn = {0102-9711},
	language = {Portuguese},
	number = {208},
	journal = {Cad. CEAS},
	author = {CARVALHO NETO, Joviniano Soares de},
	month = nov,
	year = {2003},
	pages = {11--42}
}

@article{bunting_fine_2000,
	title = {Fine words, flawed ideas},
	url = {http://www.theguardian.com/business/2000/sep/11/imf.comment},
	journal = {The Guardian},
	author = {BUNTING, Madeleine},
	year = {2000}
}

@book{carvalho_metropoles_2014,
	address = {Salvador},
	title = {Metrópoles na atualidade brasileira: transformações, tensões e desafios na {Regiâo} {Metropolitana} de {Salvador}},
	isbn = {978-85-232-1230-8},
	publisher = {EdUFBA},
	editor = {CARVALHO, Inaiá Maria Moreira de},
	year = {2014}
}

@book{dworkin_levando_2002-1,
	address = {São Paulo},
	title = {Levando os direitos a sério},
	publisher = {Martins Fontes},
	author = {Dworkin, Ronald},
	translator = {Boeira, Nelson},
	year = {2002}
}

@book{conceicao_cala_1981-1,
	address = {Salvador},
	title = {Cala a boca, {Calabar}},
	publisher = {Edição do autor},
	author = {Conceição, Fernando},
	year = {1981}
}

@incollection{iguacu_conducao_1980,
	address = {São Paulo},
	title = {A condução do trabalhador},
	booktitle = {Pesquisa participante},
	publisher = {Brasiliense},
	author = {IGUAÇU, COMISSÃO DE TRANSPORTE DA PASTORAL OPERÁRIA DE NOVA},
	editor = {BRANDÃO, Carlos Rodrigues},
	year = {1980}
}

@book{boucault_hermeneutica_????,
	title = {Hermenêutica plural},
	publisher = {Martins Fontes},
	author = {BOUCAULT, Carlos Eduardo de Abreu and RODRIGUEZ, José Rodrigo}
}

@book{graeber_debt:_2011,
	address = {Brooklyn, N.Y},
	title = {Debt: the first 5,000 years},
	isbn = {9781933633862},
	shorttitle = {Debt},
	publisher = {Melville House},
	author = {Graeber, David},
	year = {2011},
	keywords = {Debt, Financial crises, History, Money},
	annote = {On the experience of moral confusion -- The myth of barter -- Primordial debts -- Cruelty and redemption -- A brief treatise on the moral grounds of economic relations -- Games with sex and death -- Honor and degradation, or, on the foundations of contemporary civilization -- Credit versus bullion, and the cycles of history -- The axial age (800 BC - 600 AD) -- The middle ages (600 AD - 1450 AD) -- Age of the great capitalist empires (1450-1971) -- (1971- )}
}

@book{sao_paulo_municipalizacao_1992,
	address = {São Paulo},
	title = {Municipalização dos ônibus da cidade de {São} {Paulo}: realizações e perspectivas},
	publisher = {Edicon},
	author = {SÃO PAULO, Secretaria Municipal de Transportes},
	year = {1992}
}

@book{oiticica_doutrina_1976,
	address = {Lisboa},
	title = {A doutrina anarquista ao alcance de todos},
	publisher = {A Batalha},
	author = {OITICICA, José de},
	year = {1976}
}

@article{bonduki_politica_2008,
	title = {Política habitacional e inclusão social no {Brasil}: revisão histórica e novas perspectivas no governo {Lula}},
	volume = {1},
	url = {http://www.usjt.br/arq.urb/numero_01/artigo_05_180908.pdf},
	number = {1},
	journal = {Arq.Urb – Revista Eletrônica de Arquitetura e Urbanismo},
	author = {BONDUKI, Nabil},
	year = {2008},
	pages = {70--104}
}

@book{mundial_cidades_2003,
	address = {São Paulo},
	title = {Cidades em movimento: estratégia de transporte urbano do {Banco} {Mundial}},
	publisher = {Sumatra},
	author = {MUNDIAL, BANCO},
	year = {2003}
}

@book{ferraz_jr._ciencia_1980-1,
	address = {São Paulo},
	title = {A ciência do {Direito}},
	publisher = {Atlas},
	author = {Ferraz Jr., Tercio Sampaio},
	year = {1980}
}

@book{haberle_hermeneutica_2002-1,
	address = {Porto Alegre},
	edition = {Reimpr.},
	title = {Hermenêutica constitucional. {A} sociedade aberta dos intérpretes da constituição: contribuição para a interpretação pluralista e "procedimental" da constituição},
	publisher = {Sergio Antonio Fabris},
	author = {HÄBERLE, Peter},
	translator = {Mendes, Gilmar Ferreira},
	year = {2002}
}

@book{atienza_as_2003-1,
	address = {São Paulo},
	title = {As razões do {Direito}: teorias da argumentação jurídica. {Perelman}, {Viehweg}, {Alexy}, {MacCormick} e outros},
	publisher = {Landy},
	author = {ATIENZA, Manuel},
	year = {2003}
}

@book{bernardo_economia_1991-2,
	address = {São Paulo, SP},
	title = {Economia dos conflitos sociais},
	isbn = {8524904437 9788524904431},
	language = {Portuguese},
	publisher = {Cortez Editora},
	author = {Bernardo, João},
	year = {1991}
}

@article{braga_programa_2009,
	title = {Programa de recuperação do {Centro} {Histórico} de {Salvador}: políticas públicas e participação social},
	volume = {10},
	abstract = {As iniciativas de revalorização dos Centros Históricos tem se traduzido, nas últimas décadas, em projetos de intervenção subsidiados e direcionados por investimentos públicos com inserções dos agentes privados. As políticas públicas que deram suporte a essas intervenções, embora anunciassem o objetivo de preservá-los e inseri-los nos contextos urbanos, privilegiaram a atividade turística e à indústria cultural levando à “gentrification” e efeitos sobre a população e cultura locais e o patrimônio imaterial. A análise dos momentos da implantação do Programa de Recuperação do Centro Histórico de Salvador (Bahia), iniciado em 1991 permite questionar a atuação do Estado e os resultados alcançados.},
	number = {2},
	journal = {Revista de Pesquisa em Arquitetura e Urbanismo},
	author = {BRAGA, Paula Marques and SANTOS JÚNIOR, Wilson Ribeiro dos},
	year = {2009},
	pages = {23--34}
}

@book{kropotkin_as_2005,
	address = {São Paulo},
	title = {As minorias revolucionárias},
	publisher = {Imaginário/Ícone},
	author = {KROPOTKIN, Piotr},
	year = {2005}
}

@incollection{vainer_patria_2002-1,
	address = {Petrópolis},
	edition = {3},
	title = {Pátria, empresa e mercadoria: notas sobre a estratégia discursiva do {Planejamento} {Estratégico} {Urbano}},
	booktitle = {A cidade do pensamento único: desmanchando consensos},
	publisher = {Vozes},
	author = {Vainer, Carlos B.},
	collaborator = {Arantes, Otília and Maricato, Ermínia and Vainer, Carlos B.},
	year = {2002}
}

@book{heilbroner_introducao_1973-1,
	address = {Rio de Janeiro},
	title = {Introdução à microeconomia},
	publisher = {Zahar},
	author = {HEILBRONER, Robert},
	translator = {PAULA, Sérgio Góes de},
	year = {1973}
}

@book{tavares_historia_2008,
	address = {São Paulo/Salvador},
	edition = {11ª ed.},
	title = {História da {Bahia}},
	isbn = {978-85-232-0537-9},
	publisher = {EdUNESP/EdUFBA},
	author = {TAVARES, Luiz Henrique Dias},
	year = {2008}
}

@unpublished{amacha_minuta_2012,
	title = {Minuta de compromisso de ajustamento de conduta},
	author = {AMACHA, Associação de Moradores e Amigos da Chácara Santo Antônio},
	year = {2012},
	note = {Protocolada junto à Companhia de Desenvolvimento Urbano da Bahia (CONDER) em 10 de dezembro de 2012}
}

@book{schumpeter_capitalismo_1961,
	address = {Rio de Janeiro},
	title = {Capitalismo, socialismo e democracia},
	publisher = {Fundo de Cultura},
	author = {SCHUMPETER, Joseph A.},
	year = {1961}
}

@book{mumford_cidade_1998,
	address = {São Paulo},
	title = {A cidade na história},
	subtitle = {suas origens, transformações e perspectivas},
	isbn = {8533608470 9788533608474},
	shorttitle = {A cidade na história},
	publisher = {Martins Fontes},
	author = {Mumford, Lewis},
	year = {1998}
}

@misc{manolo_notas_2005-1,
	title = {Notas sobre o transporte coletivo no sistema capitalista},
	url = {http://www.midiaindependente.org/pt/blue/2005/12/340139.shtml},
	urldate = {2006-11-23},
	author = {MANOLO},
	year = {2005}
}