@Misc{SNDC2007,
  Title                    = {Política nacional de defesa civil},
  Year                     = {2007},

  Address                  = {Brasília},
  Org-short                = {SNDC-MIN},
  Organization             = {Secretaria Nacional de Defesa Civil do Ministério da Integração Nacional}
}
@Misc{SALVADOR2009,
  Title                    = {Decreto nº 19.331, de 18 de fevereiro de 2009},
  Note                     = {Reorganiza o Sistema Municipal de Defesa Civil -- SMDC, criado pelo Decreto nº 9.414/92, alterado pelo Decreto nº 17.413/07, e dá outras providências},
  Year                     = {2009},

  Org-short                = {Salvador},
  Organization             = {Município do Salvador}
}
@Misc{brasil_estatuto_2012,
  Title                    = {Estatuto da {Mobilidade} {Urbana}},

  Author                   = {BRASIL},
  Month                    = jan,
  Year                     = {2012},

  Abstract                 = {Institui as diretrizes da Política Nacional de Mobilidade Urbana; revoga dispositivos dos Decretos-Leis nos 3.326, de 3 de junho de 1941, e 5.405, de 13 de abril de 1943, da Consolidação das Leis do Trabalho (CLT), aprovada pelo Decreto-Lei no 5.452, de 1o de maio de 1943, e das Leis nos 5.917, de 10 de setembro de 1973, e 6.261, de 14 de novembro de 1975; e dá outras providências.}
}
@Misc{brasil_constituicao_1824,
  Title                    = {Constituição política do {I}mpério do {B}razil},
  Month                    = {mar.},
  Note                     = {Constituição Política do Império do Brasil, elaborada por um Conselho de Estado e outorgada pelo Imperador D. Pedro I, em 25.03.1824},
  Year                     = {1824},

  Date                     = {25},
  Org-short                = {Brasil},
  Organization             = {Império do Brazil},
  Url                      = {http://www.planalto.gov.br/ccivil_03/Constituicao/Constituicao24.htm},
  Urlaccessdate            = {21 out. 2014}
}
@Misc{brasil_constituicao_1891,
  Title                    = {Constituição da {R}epública dos {E}stados {U}nidos do {B}razil},
  Month                    = {fev.},
  Year                     = {1891},

  Date                     = {24},
  Org-short                = {Brasil},
  Organization             = {Estados Unidos do Brazil},
  Url                      = {http://www.planalto.gov.br/ccivil_03/constituicao/Constituicao91.htm},
  Urlaccessdate            = {21 out. 2014}
}
@Misc{bahia_constituicao_1891,
  Title                    = {Constituição do {E}stado da {B}ahia},
  Month                    = {jul.},
  Year                     = {1891},

  Date                     = {2},
  Org-short                = {Bahia},
  Organization             = {Estado da Bahia},
  Url                      = {http://www.legislabahia.ba.gov.br},
  Urlaccessdate            = {21 out. 2014}
}
