@Misc{weyll_mappa_1851,
  Title                    = {Mappa topographica da Cidade de S. Salvador e seus suburbios},

  Author                   = {Weyll, Carlos Augusto},
  Note                     = {Mapa disponibilizado pela Biblioteca Nacional através de seu acervo digital},
  Year                     = {1851},

  Address                  = {Stuttgart},
  Publisher                = {Fr. Malté},
  Url                      = {http://acervo.bndigital.bn.br/sophia/index.asp?codigo_sophia=23599},
  Urlaccessdate            = {15 mar. 2014}
}
@Misc{morales_planta_1894,
  Title                    = {Planta da cidade de São Salvador, capital do estado federado da Bahia},

  Author                   = {Morales{ }de{ }los{ }Rios, Adolfo},
  Note                     = {Coleção Benedicto Ottoni, (aquisição) em: [Livro de Tombo] Acquisições, 3ª Secção, Cartas Geographicas, Bibliotheca Nacional, ano 1911, nº 162. Mapa disponibilizado pela Biblioteca Nacional através de seu acervo digital},
  Year                     = {1894},

  Address                  = {Salvador},
  Publisher                = {Ramon Alarcon},
  Url                      = {http://acervo.bndigital.bn.br/sophia/index.asp?codigo_sophia=22646},
  Urlaccessdate            = {15 mar. 2014}
}
