@Unpublished{AMACHA2012,
  Title                    = {Convite para reunião no dia 30 de março para resolver as violações de direitos na {C}hácara {S}anto {A}ntônio},
  Note                     = {Convite enviado a 14 órgãos públicos e empresas prestadoras de serviços concedidos.},

  Month                    = {06 mar},
  Year                     = {2012},

  Address                  = {Salvador},
  Day                      = {06},
  Org-short                = {AMACHA},
  Organization             = {Associação de Moradores e Amigos da Chácara Santo Antônio}
}
@Unpublished{AMACHA2014,
  Title                    = {Estatuto da {A}ssociação de {M}oradores e {A}migos da {C}hácara {S}anto {A}ntônio -- {AMACHA}},
  Note                     = {Registrado no Cartório do 1º Ofício do Registro Civil de Pessoas Jurídicas da comarca de Salvador sob o nº 40.336.},

  Month                    = {ago},
  Year                     = {2014},

  Org-short                = {AMACHA},
  Organization             = {Associação de Moradores e Amigos da Chácara Santo Antônio},
  Pages                    = {13}
}
@Unpublished{AMACHA2012a,
  Title                    = {Minuta de compromisso de ajustamento de conduta},
  Note                     = {Protocolada junto à Companhia de Desenvolvimento Urbano da Bahia (CONDER) em 10 de dezembro de 2012},
  Year                     = {2012},

  Org-short                = {AMACHA},
  Organization             = {Associação de Moradores e Amigos da Chácara Santo Antônio}
}
@Unpublished{amacha_estatuto_2014,
  Title                    = {Estatuto da {Associação} de {Moradores} e {Amigos} da {Chácara} {Santo} {Antônio} – {AMACHA}},
  Author                   = {AMACHA, Associação de Moradores e Amigos da Chácara Santo Antônio},
  Note                     = {Registrado no Cartório do 1º Ofício do Registro Civil de Pessoas Jurídicas da comarca de Salvador sob o nº 40.336.},
  Year                     = {2014}
}
@Unpublished{amacha_convite_2012,
  Title                    = {Convite para reunião no dia 30 de março para resolver as violações de direitos na {Chácara} {Santo} {Antônio}},
  Author                   = {AMACHA, Associação de Moradores e Amigos da Chácara Santo Antônio},
  Note                     = {Convite enviado a 14 órgãos públicos e empresas prestadoras de serviços concedidos.},

  Month                    = mar,
  Year                     = {2012},

  Address                  = {Salvador}
}
@Unpublished{amacha_minuta_2012,
  Title                    = {Minuta de compromisso de ajustamento de conduta},
  Author                   = {AMACHA, Associação de Moradores e Amigos da Chácara Santo Antônio},
  Note                     = {Protocolada junto à Companhia de Desenvolvimento Urbano da Bahia (CONDER) em 10 de dezembro de 2012},
  Year                     = {2012}
}
