@techreport{GORDILHOSOUZA2009,
	organization = {Escritório de Referência do Centro Antigo de Salvador},
	org-short = {ERCAS},
	title = {Projeto: reabilitação sustentável do {C}entro {A}ntigo de {S}alvador -- ocupação urbana e ambiente construído},
	subtitle = {Relatório da 1ª etapa -- caracterização físico-territorial e urbanística},
	address ={Salvador},
	year = {1993},
	month = {maio/jun.},
	pages = {40},
	editor = {Gordilho-Souza, Ângela},
	editortype = {coord.}
}

@misc{OHCHR2015,
	organization = {Office of the High Comissioner for Human Rights of the United Nations},
	org-short = {OHCHR},
	title = {International standards},
	year = {2015},
	address = {Nova Iorque},
	url = {http://www.ohchr.org/EN/Issues/Housing/Pages/InternationalStandards.aspx},
	urlaccessdate = {28 jan. 2015}
}

@misc{SNDC2007,
	organization = {Secretaria Nacional de Defesa Civil do Ministério da Integração Nacional},
	org-short = {SNDC-MIN},
	title = {Política nacional de defesa civil},
	year = {2007},
	address = {Brasília}
}

@booklet{RELATORIA2010,
	organization = {Relatoria Especial da ONU para a moradia adequada},
	title = {Como atuar em projetos que envolvem despejos e remoções?},
	year = {2010}
}

@techreport{gordilho_souza_projeto:_1993,
	address = {Salvador},
	title = {Projeto: reabilitação sustentável do {Centro} {Antigo} de {Salvador} – ocupação urbana e ambiente construído: {Relatório} da 1ª etapa – caracterização físico-territorial e urbanística},
	institution = {Escritório de Referência do Centro Antigo de Salvador (ERCAS)},
	author = {GORDILHO SOUZA, Ângela},
	month = jun,
	year = {1993},
	pages = {40}
}