@article{10.2307/985951,
 ISSN = {0003049X},
 URL = {http://www.jstor.org/stable/985951},
 author = {James E. Hewes},
 journal = {Proceedings of the American Philosophical Society},
 number = {4},
 pages = {245--255},
 publisher = {American Philosophical Society},
 title = {Henry Cabot Lodge and the League of Nations},
 volume = {114},
 year = {1970}
}

