@article{queiroz_murtinho_2010,
   title = {{Joaquim Murtinho, banqueiro: notas sobre a experi\~A\textordfemeninencia do Banco Rio e Mato Grosso (1891-1902)}},
   journal = {{Estudos Hist\~A\textthreesuperiorricos (Rio de Janeiro)}},
   author={Queiroz, Paulo Roberto Cim\~A\textthreesuperior},
   ISSN = {0103-2186},
   language = {pt},
   URL = {http://www.scielo.br/scielo.php?script=sci_arttext&pid=S0103-21862010000100006&nrm=iso},
   volume = {23},
   year = {2010},
   month = {06},
   pages = {125 - 146},
   publisher = {scielo},
   crossref = {10.1590/S0103-21862010000100006},
   }